%YAML 1.1
%TAG !u! tag:unity3d.com,2011:
--- !u!29 &1
OcclusionCullingSettings:
  m_ObjectHideFlags: 0
  serializedVersion: 2
  m_OcclusionBakeSettings:
    smallestOccluder: 5
    smallestHole: 0.25
    backfaceThreshold: 100
  m_SceneGUID: 00000000000000000000000000000000
  m_OcclusionCullingData: {fileID: 0}
--- !u!104 &2
RenderSettings:
  m_ObjectHideFlags: 0
  serializedVersion: 8
  m_Fog: 0
  m_FogColor: {r: 0.5, g: 0.5, b: 0.5, a: 1}
  m_FogMode: 3
  m_FogDensity: 0.01
  m_LinearFogStart: 0
  m_LinearFogEnd: 300
  m_AmbientSkyColor: {r: 0.212, g: 0.227, b: 0.259, a: 1}
  m_AmbientEquatorColor: {r: 0.114, g: 0.125, b: 0.133, a: 1}
  m_AmbientGroundColor: {r: 0.047, g: 0.043, b: 0.035, a: 1}
  m_AmbientIntensity: 1.5
  m_AmbientMode: 0
  m_SubtractiveShadowColor: {r: 0.42, g: 0.478, b: 0.627, a: 1}
  m_SkyboxMaterial: {fileID: 10304, guid: 0000000000000000f000000000000000, type: 0}
  m_HaloStrength: 0.5
  m_FlareStrength: 1
  m_FlareFadeSpeed: 3
  m_HaloTexture: {fileID: 0}
  m_SpotCookie: {fileID: 10001, guid: 0000000000000000e000000000000000, type: 0}
  m_DefaultReflectionMode: 0
  m_DefaultReflectionResolution: 1024
  m_ReflectionBounces: 5
  m_ReflectionIntensity: 1
  m_CustomReflection: {fileID: 0}
  m_Sun: {fileID: 0}
  m_IndirectSpecularColor: {r: 0, g: 0, b: 0, a: 1}
--- !u!157 &3
LightmapSettings:
  m_ObjectHideFlags: 0
  serializedVersion: 11
  m_GIWorkflowMode: 0
  m_GISettings:
    serializedVersion: 2
    m_BounceScale: 1
    m_IndirectOutputScale: 1
    m_AlbedoBoost: 1.54
    m_TemporalCoherenceThreshold: 1
    m_EnvironmentLightingMode: 0
    m_EnableBakedLightmaps: 1
    m_EnableRealtimeLightmaps: 1
  m_LightmapEditorSettings:
    serializedVersion: 9
    m_Resolution: 2
    m_BakeResolution: 120
    m_TextureWidth: 4096
    m_TextureHeight: 1024
    m_AO: 1
    m_AOMaxDistance: 1
    m_CompAOExponent: 1
    m_CompAOExponentDirect: 1
    m_Padding: 2
    m_LightmapParameters: {fileID: 15200, guid: 0000000000000000f000000000000000,
      type: 0}
    m_LightmapsBakeMode: 1
    m_TextureCompression: 1
    m_FinalGather: 0
    m_FinalGatherFiltering: 1
    m_FinalGatherRayCount: 256
    m_ReflectionCompression: 2
    m_MixedBakeMode: 1
    m_BakeBackend: 0
    m_PVRSampling: 1
    m_PVRDirectSampleCount: 32
    m_PVRSampleCount: 500
    m_PVRBounces: 2
    m_PVRFiltering: 0
    m_PVRFilteringMode: 1
    m_PVRCulling: 1
    m_PVRFilteringGaussRadiusDirect: 1
    m_PVRFilteringGaussRadiusIndirect: 5
    m_PVRFilteringGaussRadiusAO: 2
    m_PVRFilteringAtrousColorSigma: 1
    m_PVRFilteringAtrousNormalSigma: 1
    m_PVRFilteringAtrousPositionSigma: 1
  m_LightingDataAsset: {fileID: 0}
  m_UseShadowmask: 0
--- !u!196 &4
NavMeshSettings:
  serializedVersion: 2
  m_ObjectHideFlags: 0
  m_BuildSettings:
    serializedVersion: 2
    agentTypeID: 0
    agentRadius: 0.5
    agentHeight: 2
    agentSlope: 45
    agentClimb: 0.4
    ledgeDropHeight: 0
    maxJumpAcrossDistance: 0
    minRegionArea: 2
    manualCellSize: 0
    cellSize: 0.16666667
    manualTileSize: 0
    tileSize: 256
    accuratePlacement: 0
  m_NavMeshData: {fileID: 0}
--- !u!1 &61497831
GameObject:
  m_ObjectHideFlags: 0
  m_PrefabParentObject: {fileID: 1132674499081816, guid: 9c736b3b674f1384eaa1b1fb55841ccf,
    type: 2}
  m_PrefabInternal: {fileID: 1311114982}
  serializedVersion: 5
  m_Component:
  - component: {fileID: 61497832}
  - component: {fileID: 61497833}
  m_Layer: 0
  m_Name: lod3
  m_TagString: Untagged
  m_Icon: {fileID: 0}
  m_NavMeshLayer: 0
  m_StaticEditorFlags: 0
  m_IsActive: 1
--- !u!4 &61497832
Transform:
  m_ObjectHideFlags: 0
  m_PrefabParentObject: {fileID: 4449050079158074, guid: 9c736b3b674f1384eaa1b1fb55841ccf,
    type: 2}
  m_PrefabInternal: {fileID: 1311114982}
  m_GameObject: {fileID: 61497831}
  m_LocalRotation: {x: -0, y: -0, z: -0, w: 1}
  m_LocalPosition: {x: 0, y: 0, z: 0}
  m_LocalScale: {x: 1, y: 1, z: 1}
  m_Children:
  - {fileID: 802698618}
  - {fileID: 663544421}
  m_Father: {fileID: 655496876}
  m_RootOrder: 2
  m_LocalEulerAnglesHint: {x: 0, y: 0, z: 0}
--- !u!95 &61497833
Animator:
  serializedVersion: 3
  m_ObjectHideFlags: 0
  m_PrefabParentObject: {fileID: 95000945525213316, guid: 9c736b3b674f1384eaa1b1fb55841ccf,
    type: 2}
  m_PrefabInternal: {fileID: 1311114982}
  m_GameObject: {fileID: 61497831}
  m_Enabled: 1
  m_Avatar: {fileID: 9000000, guid: 77021b0034b2bc94dadf512ab1c14a58, type: 3}
  m_Controller: {fileID: 0}
  m_CullingMode: 0
  m_UpdateMode: 0
  m_ApplyRootMotion: 0
  m_LinearVelocityBlending: 0
  m_WarningMessage: 
  m_HasTransformHierarchy: 1
  m_AllowConstantClipSamplingOptimization: 1
--- !u!1 &181211813
GameObject:
  m_ObjectHideFlags: 0
  m_PrefabParentObject: {fileID: 0}
  m_PrefabInternal: {fileID: 0}
  serializedVersion: 5
  m_Component:
  - component: {fileID: 181211817}
  - component: {fileID: 181211816}
  - component: {fileID: 181211815}
  - component: {fileID: 181211814}
  m_Layer: 0
  m_Name: Plane (1)
  m_TagString: Untagged
  m_Icon: {fileID: 0}
  m_NavMeshLayer: 0
  m_StaticEditorFlags: 0
  m_IsActive: 1
--- !u!23 &181211814
MeshRenderer:
  m_ObjectHideFlags: 0
  m_PrefabParentObject: {fileID: 0}
  m_PrefabInternal: {fileID: 0}
  m_GameObject: {fileID: 181211813}
  m_Enabled: 1
  m_CastShadows: 1
  m_ReceiveShadows: 1
  m_MotionVectors: 1
  m_LightProbeUsage: 1
  m_ReflectionProbeUsage: 1
  m_Materials:
  - {fileID: 2100000, guid: fc53c735f703b5d46b950a835ad75863, type: 2}
  m_StaticBatchInfo:
    firstSubMesh: 0
    subMeshCount: 0
  m_StaticBatchRoot: {fileID: 0}
  m_ProbeAnchor: {fileID: 0}
  m_LightProbeVolumeOverride: {fileID: 0}
  m_ScaleInLightmap: 1
  m_PreserveUVs: 1
  m_IgnoreNormalsForChartDetection: 0
  m_ImportantGI: 0
  m_SelectedEditorRenderState: 3
  m_MinimumChartSize: 4
  m_AutoUVMaxDistance: 0.5
  m_AutoUVMaxAngle: 89
  m_LightmapParameters: {fileID: 0}
  m_SortingLayerID: 0
  m_SortingLayer: 0
  m_SortingOrder: 0
--- !u!64 &181211815
MeshCollider:
  m_ObjectHideFlags: 0
  m_PrefabParentObject: {fileID: 0}
  m_PrefabInternal: {fileID: 0}
  m_GameObject: {fileID: 181211813}
  m_Material: {fileID: 0}
  m_IsTrigger: 0
  m_Enabled: 1
  serializedVersion: 2
  m_Convex: 0
  m_InflateMesh: 0
  m_SkinWidth: 0.01
  m_Mesh: {fileID: 10209, guid: 0000000000000000e000000000000000, type: 0}
--- !u!33 &181211816
MeshFilter:
  m_ObjectHideFlags: 0
  m_PrefabParentObject: {fileID: 0}
  m_PrefabInternal: {fileID: 0}
  m_GameObject: {fileID: 181211813}
  m_Mesh: {fileID: 10209, guid: 0000000000000000e000000000000000, type: 0}
--- !u!4 &181211817
Transform:
  m_ObjectHideFlags: 0
  m_PrefabParentObject: {fileID: 0}
  m_PrefabInternal: {fileID: 0}
  m_GameObject: {fileID: 181211813}
  m_LocalRotation: {x: 0, y: 0, z: 0, w: 1}
  m_LocalPosition: {x: 0.33155766, y: -0.136, z: 0.6446004}
  m_LocalScale: {x: 1, y: 1, z: 1}
  m_Children: []
  m_Father: {fileID: 0}
  m_RootOrder: 4
  m_LocalEulerAnglesHint: {x: 0, y: 0, z: 0}
--- !u!1 &320895670
GameObject:
  m_ObjectHideFlags: 0
  m_PrefabParentObject: {fileID: 0}
  m_PrefabInternal: {fileID: 0}
  serializedVersion: 5
  m_Component:
  - component: {fileID: 320895679}
  - component: {fileID: 320895678}
  - component: {fileID: 320895677}
  - component: {fileID: 320895676}
  - component: {fileID: 320895675}
  m_Layer: 0
  m_Name: Main Camera
  m_TagString: MainCamera
  m_Icon: {fileID: 0}
  m_NavMeshLayer: 0
  m_StaticEditorFlags: 0
  m_IsActive: 1
--- !u!81 &320895675
AudioListener:
  m_ObjectHideFlags: 0
  m_PrefabParentObject: {fileID: 0}
  m_PrefabInternal: {fileID: 0}
  m_GameObject: {fileID: 320895670}
  m_Enabled: 1
--- !u!124 &320895676
Behaviour:
  m_ObjectHideFlags: 0
  m_PrefabParentObject: {fileID: 0}
  m_PrefabInternal: {fileID: 0}
  m_GameObject: {fileID: 320895670}
  m_Enabled: 1
--- !u!92 &320895677
Behaviour:
  m_ObjectHideFlags: 0
  m_PrefabParentObject: {fileID: 0}
  m_PrefabInternal: {fileID: 0}
  m_GameObject: {fileID: 320895670}
  m_Enabled: 1
--- !u!20 &320895678
Camera:
  m_ObjectHideFlags: 0
  m_PrefabParentObject: {fileID: 0}
  m_PrefabInternal: {fileID: 0}
  m_GameObject: {fileID: 320895670}
  m_Enabled: 1
  serializedVersion: 2
  m_ClearFlags: 2
  m_BackGroundColor: {r: 0.3224481, g: 0.42294183, b: 0.52205884, a: 0}
  m_NormalizedViewPortRect:
    serializedVersion: 2
    x: 0
    y: 0
    width: 1
    height: 1
  near clip plane: 0.3
  far clip plane: 1000
  field of view: 60
  orthographic: 0
  orthographic size: 5
  m_Depth: -1
  m_CullingMask:
    serializedVersion: 2
    m_Bits: 4294967295
  m_RenderingPath: 3
  m_TargetTexture: {fileID: 0}
  m_TargetDisplay: 0
  m_TargetEye: 3
  m_HDR: 1
  m_AllowMSAA: 1
  m_ForceIntoRT: 0
  m_OcclusionCulling: 1
  m_StereoConvergence: 10
  m_StereoSeparation: 0.022
  m_StereoMirrorMode: 0
--- !u!4 &320895679
Transform:
  m_ObjectHideFlags: 0
  m_PrefabParentObject: {fileID: 0}
  m_PrefabInternal: {fileID: 0}
  m_GameObject: {fileID: 320895670}
  m_LocalRotation: {x: 0.35714892, y: -0.63959163, z: 0.3645826, w: 0.57484496}
  m_LocalPosition: {x: 0.67, y: 0.9, z: 0.583}
  m_LocalScale: {x: 1, y: 1, z: 1}
  m_Children: []
  m_Father: {fileID: 0}
  m_RootOrder: 0
  m_LocalEulerAnglesHint: {x: 61.28, y: -98.77, z: -4.5}
--- !u!1 &358856693
GameObject:
  m_ObjectHideFlags: 0
  m_PrefabParentObject: {fileID: 1047876175073194, guid: 1116b78f32b216943a35f8bea7c7a4c4,
    type: 2}
  m_PrefabInternal: {fileID: 1042799855}
  serializedVersion: 5
  m_Component:
  - component: {fileID: 358856694}
  - component: {fileID: 358856695}
  - component: {fileID: 358856696}
  m_Layer: 0
  m_Name: Object004
  m_TagString: Untagged
  m_Icon: {fileID: 0}
  m_NavMeshLayer: 0
  m_StaticEditorFlags: 0
  m_IsActive: 1
--- !u!4 &358856694
Transform:
  m_ObjectHideFlags: 0
  m_PrefabParentObject: {fileID: 4770808497571182, guid: 1116b78f32b216943a35f8bea7c7a4c4,
    type: 2}
  m_PrefabInternal: {fileID: 1042799855}
  m_GameObject: {fileID: 358856693}
  m_LocalRotation: {x: -0.7071068, y: 0.000000061817246, z: 0.000000061817246, w: 0.7071068}
  m_LocalPosition: {x: 0.009299582, y: -3.5971226e-14, z: 0.00000041218786}
  m_LocalScale: {x: 0.0043848525, y: 0.0043848525, z: 0.0043848525}
  m_Children: []
  m_Father: {fileID: 572645355}
  m_RootOrder: 0
  m_LocalEulerAnglesHint: {x: 0, y: 0, z: 0}
--- !u!33 &358856695
MeshFilter:
  m_ObjectHideFlags: 0
  m_PrefabParentObject: {fileID: 33152141627407852, guid: 1116b78f32b216943a35f8bea7c7a4c4,
    type: 2}
  m_PrefabInternal: {fileID: 1042799855}
  m_GameObject: {fileID: 358856693}
  m_Mesh: {fileID: 4300000, guid: a574aa865076a37489381298c13afb73, type: 3}
--- !u!23 &358856696
MeshRenderer:
  m_ObjectHideFlags: 0
  m_PrefabParentObject: {fileID: 23111195228583250, guid: 1116b78f32b216943a35f8bea7c7a4c4,
    type: 2}
  m_PrefabInternal: {fileID: 1042799855}
  m_GameObject: {fileID: 358856693}
  m_Enabled: 1
  m_CastShadows: 1
  m_ReceiveShadows: 1
  m_MotionVectors: 1
  m_LightProbeUsage: 1
  m_ReflectionProbeUsage: 1
  m_Materials:
  - {fileID: 2100000, guid: bcfa06fa755de6144915c08de126ba4d, type: 2}
  m_StaticBatchInfo:
    firstSubMesh: 0
    subMeshCount: 0
  m_StaticBatchRoot: {fileID: 0}
  m_ProbeAnchor: {fileID: 0}
  m_LightProbeVolumeOverride: {fileID: 0}
  m_ScaleInLightmap: 1
  m_PreserveUVs: 0
  m_IgnoreNormalsForChartDetection: 0
  m_ImportantGI: 0
  m_SelectedEditorRenderState: 3
  m_MinimumChartSize: 4
  m_AutoUVMaxDistance: 0.5
  m_AutoUVMaxAngle: 89
  m_LightmapParameters: {fileID: 0}
  m_SortingLayerID: 0
  m_SortingLayer: 0
  m_SortingOrder: 0
--- !u!1 &364694281
GameObject:
  m_ObjectHideFlags: 0
  m_PrefabParentObject: {fileID: 1515159676127182, guid: cb49372448ac2fd4dacb1fd4f4958229,
    type: 2}
  m_PrefabInternal: {fileID: 1013136437}
  serializedVersion: 5
  m_Component:
  - component: {fileID: 364694282}
  - component: {fileID: 364694283}
  - component: {fileID: 364694284}
  m_Layer: 0
  m_Name: LOD1
  m_TagString: Untagged
  m_Icon: {fileID: 0}
  m_NavMeshLayer: 0
  m_StaticEditorFlags: 0
  m_IsActive: 1
--- !u!4 &364694282
Transform:
  m_ObjectHideFlags: 0
  m_PrefabParentObject: {fileID: 4057454971880672, guid: cb49372448ac2fd4dacb1fd4f4958229,
    type: 2}
  m_PrefabInternal: {fileID: 1013136437}
  m_GameObject: {fileID: 364694281}
  m_LocalRotation: {x: -0.7071068, y: 0.000000061817246, z: 0.000000061817246, w: 0.7071068}
  m_LocalPosition: {x: 0.013, y: -3.5971226e-14, z: 0.00000041218786}
  m_LocalScale: {x: 0.0043848525, y: 0.0043848525, z: 0.0043848525}
  m_Children: []
  m_Father: {fileID: 967348650}
  m_RootOrder: 0
  m_LocalEulerAnglesHint: {x: 0, y: 0, z: 0}
--- !u!33 &364694283
MeshFilter:
  m_ObjectHideFlags: 0
  m_PrefabParentObject: {fileID: 33183756535479138, guid: cb49372448ac2fd4dacb1fd4f4958229,
    type: 2}
  m_PrefabInternal: {fileID: 1013136437}
  m_GameObject: {fileID: 364694281}
  m_Mesh: {fileID: 4300000, guid: b21ad3fae192b894e8946288e64cf471, type: 3}
--- !u!23 &364694284
MeshRenderer:
  m_ObjectHideFlags: 0
  m_PrefabParentObject: {fileID: 23100333680763216, guid: cb49372448ac2fd4dacb1fd4f4958229,
    type: 2}
  m_PrefabInternal: {fileID: 1013136437}
  m_GameObject: {fileID: 364694281}
  m_Enabled: 1
  m_CastShadows: 1
  m_ReceiveShadows: 1
  m_MotionVectors: 1
  m_LightProbeUsage: 1
  m_ReflectionProbeUsage: 1
  m_Materials:
  - {fileID: 2100000, guid: 2d6952f4a7d44f943a6930f7a34a22b5, type: 2}
  m_StaticBatchInfo:
    firstSubMesh: 0
    subMeshCount: 0
  m_StaticBatchRoot: {fileID: 0}
  m_ProbeAnchor: {fileID: 0}
  m_LightProbeVolumeOverride: {fileID: 0}
  m_ScaleInLightmap: 1
  m_PreserveUVs: 0
  m_IgnoreNormalsForChartDetection: 0
  m_ImportantGI: 0
  m_SelectedEditorRenderState: 3
  m_MinimumChartSize: 4
  m_AutoUVMaxDistance: 0.5
  m_AutoUVMaxAngle: 89
  m_LightmapParameters: {fileID: 0}
  m_SortingLayerID: 0
  m_SortingLayer: 0
  m_SortingOrder: 0
--- !u!1 &452488033
GameObject:
  m_ObjectHideFlags: 0
  m_PrefabParentObject: {fileID: 1859638825894760, guid: 9c736b3b674f1384eaa1b1fb55841ccf,
    type: 2}
  m_PrefabInternal: {fileID: 1311114982}
  serializedVersion: 5
  m_Component:
  - component: {fileID: 452488034}
  - component: {fileID: 452488035}
  m_Layer: 0
  m_Name: lod2
  m_TagString: Untagged
  m_Icon: {fileID: 0}
  m_NavMeshLayer: 0
  m_StaticEditorFlags: 0
  m_IsActive: 1
--- !u!4 &452488034
Transform:
  m_ObjectHideFlags: 0
  m_PrefabParentObject: {fileID: 4452321466310726, guid: 9c736b3b674f1384eaa1b1fb55841ccf,
    type: 2}
  m_PrefabInternal: {fileID: 1311114982}
  m_GameObject: {fileID: 452488033}
  m_LocalRotation: {x: -0, y: -0, z: -0, w: 1}
  m_LocalPosition: {x: 0, y: 0, z: 0}
  m_LocalScale: {x: 1, y: 1, z: 1}
  m_Children:
  - {fileID: 1952836458}
  - {fileID: 876253313}
  m_Father: {fileID: 655496876}
  m_RootOrder: 1
  m_LocalEulerAnglesHint: {x: 0, y: 0, z: 0}
--- !u!95 &452488035
Animator:
  serializedVersion: 3
  m_ObjectHideFlags: 0
  m_PrefabParentObject: {fileID: 95102910189130856, guid: 9c736b3b674f1384eaa1b1fb55841ccf,
    type: 2}
  m_PrefabInternal: {fileID: 1311114982}
  m_GameObject: {fileID: 452488033}
  m_Enabled: 1
  m_Avatar: {fileID: 9000000, guid: b21ad3fae192b894e8946288e64cf471, type: 3}
  m_Controller: {fileID: 0}
  m_CullingMode: 0
  m_UpdateMode: 0
  m_ApplyRootMotion: 0
  m_LinearVelocityBlending: 0
  m_WarningMessage: 
  m_HasTransformHierarchy: 1
  m_AllowConstantClipSamplingOptimization: 1
--- !u!1 &462706203
GameObject:
  m_ObjectHideFlags: 0
  m_PrefabParentObject: {fileID: 1972780646739410, guid: cb49372448ac2fd4dacb1fd4f4958229,
    type: 2}
  m_PrefabInternal: {fileID: 1013136437}
  serializedVersion: 5
  m_Component:
  - component: {fileID: 462706206}
  - component: {fileID: 462706205}
  - component: {fileID: 462706204}
  m_Layer: 0
  m_Name: tire
  m_TagString: Untagged
  m_Icon: {fileID: 0}
  m_NavMeshLayer: 0
  m_StaticEditorFlags: 0
  m_IsActive: 1
--- !u!23 &462706204
MeshRenderer:
  m_ObjectHideFlags: 0
  m_PrefabParentObject: {fileID: 23728976410473778, guid: cb49372448ac2fd4dacb1fd4f4958229,
    type: 2}
  m_PrefabInternal: {fileID: 1013136437}
  m_GameObject: {fileID: 462706203}
  m_Enabled: 1
  m_CastShadows: 1
  m_ReceiveShadows: 1
  m_MotionVectors: 1
  m_LightProbeUsage: 1
  m_ReflectionProbeUsage: 1
  m_Materials:
  - {fileID: 2100000, guid: 924a2edcd7e036a45a3b2833fa04bcd2, type: 2}
  m_StaticBatchInfo:
    firstSubMesh: 0
    subMeshCount: 0
  m_StaticBatchRoot: {fileID: 0}
  m_ProbeAnchor: {fileID: 0}
  m_LightProbeVolumeOverride: {fileID: 0}
  m_ScaleInLightmap: 1
  m_PreserveUVs: 0
  m_IgnoreNormalsForChartDetection: 0
  m_ImportantGI: 0
  m_SelectedEditorRenderState: 3
  m_MinimumChartSize: 4
  m_AutoUVMaxDistance: 0.5
  m_AutoUVMaxAngle: 89
  m_LightmapParameters: {fileID: 0}
  m_SortingLayerID: 0
  m_SortingLayer: 0
  m_SortingOrder: 0
--- !u!33 &462706205
MeshFilter:
  m_ObjectHideFlags: 0
  m_PrefabParentObject: {fileID: 33226328192929930, guid: cb49372448ac2fd4dacb1fd4f4958229,
    type: 2}
  m_PrefabInternal: {fileID: 1013136437}
  m_GameObject: {fileID: 462706203}
  m_Mesh: {fileID: 4300002, guid: 77021b0034b2bc94dadf512ab1c14a58, type: 3}
--- !u!4 &462706206
Transform:
  m_ObjectHideFlags: 0
  m_PrefabParentObject: {fileID: 4205209827934752, guid: cb49372448ac2fd4dacb1fd4f4958229,
    type: 2}
  m_PrefabInternal: {fileID: 1013136437}
  m_GameObject: {fileID: 462706203}
  m_LocalRotation: {x: -0.7071068, y: 0, z: -0, w: 0.7071068}
  m_LocalPosition: {x: -0.00000041218786, y: -3.5971226e-14, z: 0.00000041218786}
  m_LocalScale: {x: 0.0032474808, y: 0.0032474808, z: 0.0032474808}
  m_Children: []
  m_Father: {fileID: 733950720}
  m_RootOrder: 1
  m_LocalEulerAnglesHint: {x: 0, y: 0, z: 0}
--- !u!1 &572645354
GameObject:
  m_ObjectHideFlags: 0
  m_PrefabParentObject: {fileID: 1219820148585396, guid: 1116b78f32b216943a35f8bea7c7a4c4,
    type: 2}
  m_PrefabInternal: {fileID: 1042799855}
  serializedVersion: 5
  m_Component:
  - component: {fileID: 572645355}
  - component: {fileID: 572645356}
  m_Layer: 0
  m_Name: Wheel
  m_TagString: Untagged
  m_Icon: {fileID: 0}
  m_NavMeshLayer: 0
  m_StaticEditorFlags: 0
  m_IsActive: 1
--- !u!4 &572645355
Transform:
  m_ObjectHideFlags: 0
  m_PrefabParentObject: {fileID: 4261161836545496, guid: 1116b78f32b216943a35f8bea7c7a4c4,
    type: 2}
  m_PrefabInternal: {fileID: 1042799855}
  m_GameObject: {fileID: 572645354}
  m_LocalRotation: {x: -0, y: -0, z: -0, w: 1}
  m_LocalPosition: {x: 0, y: 0, z: 0}
  m_LocalScale: {x: 1, y: 1, z: 1}
  m_Children:
  - {fileID: 358856694}
  - {fileID: 1718410839}
  m_Father: {fileID: 1111181689}
  m_RootOrder: 0
  m_LocalEulerAnglesHint: {x: 0, y: 0, z: 0}
--- !u!95 &572645356
Animator:
  serializedVersion: 3
  m_ObjectHideFlags: 0
  m_PrefabParentObject: {fileID: 95291788456682570, guid: 1116b78f32b216943a35f8bea7c7a4c4,
    type: 2}
  m_PrefabInternal: {fileID: 1042799855}
  m_GameObject: {fileID: 572645354}
  m_Enabled: 1
  m_Avatar: {fileID: 9000000, guid: a574aa865076a37489381298c13afb73, type: 3}
  m_Controller: {fileID: 0}
  m_CullingMode: 0
  m_UpdateMode: 0
  m_ApplyRootMotion: 0
  m_LinearVelocityBlending: 0
  m_WarningMessage: 
  m_HasTransformHierarchy: 1
  m_AllowConstantClipSamplingOptimization: 1
--- !u!1 &655496874
GameObject:
  m_ObjectHideFlags: 0
  m_PrefabParentObject: {fileID: 1616099646245404, guid: 9c736b3b674f1384eaa1b1fb55841ccf,
    type: 2}
  m_PrefabInternal: {fileID: 1311114982}
  serializedVersion: 5
  m_Component:
  - component: {fileID: 655496876}
  - component: {fileID: 655496875}
  m_Layer: 0
  m_Name: wheelA
  m_TagString: Untagged
  m_Icon: {fileID: 0}
  m_NavMeshLayer: 0
  m_StaticEditorFlags: 0
  m_IsActive: 1
--- !u!205 &655496875
LODGroup:
  m_ObjectHideFlags: 0
  m_PrefabParentObject: {fileID: 205000138149085088, guid: 9c736b3b674f1384eaa1b1fb55841ccf,
    type: 2}
  m_PrefabInternal: {fileID: 1311114982}
  m_GameObject: {fileID: 655496874}
  serializedVersion: 2
  m_LocalReferencePoint: {x: 0.00000029057264, y: 0, z: 0.00000044703484}
  m_Size: 0.6735089
  m_FadeMode: 0
  m_AnimateCrossFading: 0
  m_LODs:
  - screenRelativeHeight: 0.4447882
    fadeTransitionWidth: 0
    renderers:
    - renderer: {fileID: 710169810}
    - renderer: {fileID: 1250788481}
  - screenRelativeHeight: 0.11833884
    fadeTransitionWidth: 0
    renderers:
    - renderer: {fileID: 1952836460}
    - renderer: {fileID: 876253311}
  - screenRelativeHeight: 0.0061992654
    fadeTransitionWidth: 0
    renderers:
    - renderer: {fileID: 802698620}
    - renderer: {fileID: 663544419}
  m_Enabled: 1
--- !u!4 &655496876
Transform:
  m_ObjectHideFlags: 0
  m_PrefabParentObject: {fileID: 4467394074270472, guid: 9c736b3b674f1384eaa1b1fb55841ccf,
    type: 2}
  m_PrefabInternal: {fileID: 1311114982}
  m_GameObject: {fileID: 655496874}
  m_LocalRotation: {x: -0, y: -0, z: -0, w: 1}
  m_LocalPosition: {x: 0.32476985, y: 0.20075431, z: -0.7798697}
  m_LocalScale: {x: 1, y: 1, z: 1}
  m_Children:
  - {fileID: 1899088976}
  - {fileID: 452488034}
  - {fileID: 61497832}
  m_Father: {fileID: 0}
  m_RootOrder: 1
  m_LocalEulerAnglesHint: {x: 0, y: 0, z: 0}
--- !u!1 &663544418
GameObject:
  m_ObjectHideFlags: 0
  m_PrefabParentObject: {fileID: 1092594714635318, guid: 9c736b3b674f1384eaa1b1fb55841ccf,
    type: 2}
  m_PrefabInternal: {fileID: 1311114982}
  serializedVersion: 5
  m_Component:
  - component: {fileID: 663544421}
  - component: {fileID: 663544420}
  - component: {fileID: 663544419}
  m_Layer: 0
  m_Name: tire
  m_TagString: Untagged
  m_Icon: {fileID: 0}
  m_NavMeshLayer: 0
  m_StaticEditorFlags: 0
  m_IsActive: 1
--- !u!23 &663544419
MeshRenderer:
  m_ObjectHideFlags: 0
  m_PrefabParentObject: {fileID: 23383429085170886, guid: 9c736b3b674f1384eaa1b1fb55841ccf,
    type: 2}
  m_PrefabInternal: {fileID: 1311114982}
  m_GameObject: {fileID: 663544418}
  m_Enabled: 1
  m_CastShadows: 1
  m_ReceiveShadows: 1
  m_MotionVectors: 1
  m_LightProbeUsage: 1
  m_ReflectionProbeUsage: 1
  m_Materials:
  - {fileID: 2100000, guid: 924a2edcd7e036a45a3b2833fa04bcd2, type: 2}
  m_StaticBatchInfo:
    firstSubMesh: 0
    subMeshCount: 0
  m_StaticBatchRoot: {fileID: 0}
  m_ProbeAnchor: {fileID: 0}
  m_LightProbeVolumeOverride: {fileID: 0}
  m_ScaleInLightmap: 1
  m_PreserveUVs: 0
  m_IgnoreNormalsForChartDetection: 0
  m_ImportantGI: 0
  m_SelectedEditorRenderState: 3
  m_MinimumChartSize: 4
  m_AutoUVMaxDistance: 0.5
  m_AutoUVMaxAngle: 89
  m_LightmapParameters: {fileID: 0}
  m_SortingLayerID: 0
  m_SortingLayer: 0
  m_SortingOrder: 0
--- !u!33 &663544420
MeshFilter:
  m_ObjectHideFlags: 0
  m_PrefabParentObject: {fileID: 33536814714207134, guid: 9c736b3b674f1384eaa1b1fb55841ccf,
    type: 2}
  m_PrefabInternal: {fileID: 1311114982}
  m_GameObject: {fileID: 663544418}
  m_Mesh: {fileID: 4300002, guid: 77021b0034b2bc94dadf512ab1c14a58, type: 3}
--- !u!4 &663544421
Transform:
  m_ObjectHideFlags: 0
  m_PrefabParentObject: {fileID: 4144646719809162, guid: 9c736b3b674f1384eaa1b1fb55841ccf,
    type: 2}
  m_PrefabInternal: {fileID: 1311114982}
  m_GameObject: {fileID: 663544418}
  m_LocalRotation: {x: -0.7071068, y: 0, z: -0, w: 0.7071068}
  m_LocalPosition: {x: -0.00000041218786, y: -3.5971226e-14, z: 0.00000041218786}
  m_LocalScale: {x: 0.0032474808, y: 0.0032474808, z: 0.0032474808}
  m_Children: []
  m_Father: {fileID: 61497832}
  m_RootOrder: 1
  m_LocalEulerAnglesHint: {x: 0, y: 0, z: 0}
--- !u!1 &710169807
GameObject:
  m_ObjectHideFlags: 0
  m_PrefabParentObject: {fileID: 1403088239577364, guid: 9c736b3b674f1384eaa1b1fb55841ccf,
    type: 2}
  m_PrefabInternal: {fileID: 1311114982}
  serializedVersion: 5
  m_Component:
  - component: {fileID: 710169808}
  - component: {fileID: 710169809}
  - component: {fileID: 710169810}
  m_Layer: 0
  m_Name: Object004
  m_TagString: Untagged
  m_Icon: {fileID: 0}
  m_NavMeshLayer: 0
  m_StaticEditorFlags: 0
  m_IsActive: 1
--- !u!4 &710169808
Transform:
  m_ObjectHideFlags: 0
  m_PrefabParentObject: {fileID: 4515559344547216, guid: 9c736b3b674f1384eaa1b1fb55841ccf,
    type: 2}
  m_PrefabInternal: {fileID: 1311114982}
  m_GameObject: {fileID: 710169807}
  m_LocalRotation: {x: -0.7071068, y: 0.000000061817246, z: 0.000000061817246, w: 0.7071068}
  m_LocalPosition: {x: 0.009299582, y: -3.5971226e-14, z: 0.00000041218786}
  m_LocalScale: {x: 0.0043848525, y: 0.0043848525, z: 0.0043848525}
  m_Children: []
  m_Father: {fileID: 1899088976}
  m_RootOrder: 0
  m_LocalEulerAnglesHint: {x: 0, y: 0, z: 0}
--- !u!33 &710169809
MeshFilter:
  m_ObjectHideFlags: 0
  m_PrefabParentObject: {fileID: 33130291405653160, guid: 9c736b3b674f1384eaa1b1fb55841ccf,
    type: 2}
  m_PrefabInternal: {fileID: 1311114982}
  m_GameObject: {fileID: 710169807}
  m_Mesh: {fileID: 4300000, guid: a574aa865076a37489381298c13afb73, type: 3}
--- !u!23 &710169810
MeshRenderer:
  m_ObjectHideFlags: 0
  m_PrefabParentObject: {fileID: 23518989552090118, guid: 9c736b3b674f1384eaa1b1fb55841ccf,
    type: 2}
  m_PrefabInternal: {fileID: 1311114982}
  m_GameObject: {fileID: 710169807}
  m_Enabled: 1
  m_CastShadows: 1
  m_ReceiveShadows: 1
  m_MotionVectors: 1
  m_LightProbeUsage: 1
  m_ReflectionProbeUsage: 1
  m_Materials:
  - {fileID: 2100000, guid: 187ea1b1952ccf543893aae4b1aea1ca, type: 2}
  m_StaticBatchInfo:
    firstSubMesh: 0
    subMeshCount: 0
  m_StaticBatchRoot: {fileID: 0}
  m_ProbeAnchor: {fileID: 0}
  m_LightProbeVolumeOverride: {fileID: 0}
  m_ScaleInLightmap: 1
  m_PreserveUVs: 0
  m_IgnoreNormalsForChartDetection: 0
  m_ImportantGI: 0
  m_SelectedEditorRenderState: 3
  m_MinimumChartSize: 4
  m_AutoUVMaxDistance: 0.5
  m_AutoUVMaxAngle: 89
  m_LightmapParameters: {fileID: 0}
  m_SortingLayerID: 0
  m_SortingLayer: 0
  m_SortingOrder: 0
--- !u!1 &733950719
GameObject:
  m_ObjectHideFlags: 0
  m_PrefabParentObject: {fileID: 1620852810247810, guid: cb49372448ac2fd4dacb1fd4f4958229,
    type: 2}
  m_PrefabInternal: {fileID: 1013136437}
  serializedVersion: 5
  m_Component:
  - component: {fileID: 733950720}
  - component: {fileID: 733950721}
  m_Layer: 0
  m_Name: lod3
  m_TagString: Untagged
  m_Icon: {fileID: 0}
  m_NavMeshLayer: 0
  m_StaticEditorFlags: 0
  m_IsActive: 1
--- !u!4 &733950720
Transform:
  m_ObjectHideFlags: 0
  m_PrefabParentObject: {fileID: 4933700956425862, guid: cb49372448ac2fd4dacb1fd4f4958229,
    type: 2}
  m_PrefabInternal: {fileID: 1013136437}
  m_GameObject: {fileID: 733950719}
  m_LocalRotation: {x: -0, y: -0, z: -0, w: 1}
  m_LocalPosition: {x: 0, y: 0, z: 0}
  m_LocalScale: {x: 1, y: 1, z: 1}
  m_Children:
  - {fileID: 1451186424}
  - {fileID: 462706206}
  m_Father: {fileID: 2144279244}
  m_RootOrder: 2
  m_LocalEulerAnglesHint: {x: 0, y: 0, z: 0}
--- !u!95 &733950721
Animator:
  serializedVersion: 3
  m_ObjectHideFlags: 0
  m_PrefabParentObject: {fileID: 95300867522005950, guid: cb49372448ac2fd4dacb1fd4f4958229,
    type: 2}
  m_PrefabInternal: {fileID: 1013136437}
  m_GameObject: {fileID: 733950719}
  m_Enabled: 1
  m_Avatar: {fileID: 9000000, guid: 77021b0034b2bc94dadf512ab1c14a58, type: 3}
  m_Controller: {fileID: 0}
  m_CullingMode: 0
  m_UpdateMode: 0
  m_ApplyRootMotion: 0
  m_LinearVelocityBlending: 0
  m_WarningMessage: 
  m_HasTransformHierarchy: 1
  m_AllowConstantClipSamplingOptimization: 1
--- !u!1 &748774408
GameObject:
  m_ObjectHideFlags: 0
  m_PrefabParentObject: {fileID: 1526663443464908, guid: cb49372448ac2fd4dacb1fd4f4958229,
    type: 2}
  m_PrefabInternal: {fileID: 1013136437}
  serializedVersion: 5
  m_Component:
  - component: {fileID: 748774411}
  - component: {fileID: 748774410}
  - component: {fileID: 748774409}
  m_Layer: 0
  m_Name: tire
  m_TagString: Untagged
  m_Icon: {fileID: 0}
  m_NavMeshLayer: 0
  m_StaticEditorFlags: 0
  m_IsActive: 1
--- !u!23 &748774409
MeshRenderer:
  m_ObjectHideFlags: 0
  m_PrefabParentObject: {fileID: 23697895753404430, guid: cb49372448ac2fd4dacb1fd4f4958229,
    type: 2}
  m_PrefabInternal: {fileID: 1013136437}
  m_GameObject: {fileID: 748774408}
  m_Enabled: 1
  m_CastShadows: 1
  m_ReceiveShadows: 1
  m_MotionVectors: 1
  m_LightProbeUsage: 1
  m_ReflectionProbeUsage: 1
  m_Materials:
  - {fileID: 2100000, guid: 924a2edcd7e036a45a3b2833fa04bcd2, type: 2}
  - {fileID: 2100000, guid: 924a2edcd7e036a45a3b2833fa04bcd2, type: 2}
  m_StaticBatchInfo:
    firstSubMesh: 0
    subMeshCount: 0
  m_StaticBatchRoot: {fileID: 0}
  m_ProbeAnchor: {fileID: 0}
  m_LightProbeVolumeOverride: {fileID: 0}
  m_ScaleInLightmap: 1
  m_PreserveUVs: 0
  m_IgnoreNormalsForChartDetection: 0
  m_ImportantGI: 0
  m_SelectedEditorRenderState: 3
  m_MinimumChartSize: 4
  m_AutoUVMaxDistance: 0.5
  m_AutoUVMaxAngle: 89
  m_LightmapParameters: {fileID: 0}
  m_SortingLayerID: 0
  m_SortingLayer: 0
  m_SortingOrder: 0
--- !u!33 &748774410
MeshFilter:
  m_ObjectHideFlags: 0
  m_PrefabParentObject: {fileID: 33593187988332874, guid: cb49372448ac2fd4dacb1fd4f4958229,
    type: 2}
  m_PrefabInternal: {fileID: 1013136437}
  m_GameObject: {fileID: 748774408}
  m_Mesh: {fileID: 4300002, guid: b21ad3fae192b894e8946288e64cf471, type: 3}
--- !u!4 &748774411
Transform:
  m_ObjectHideFlags: 0
  m_PrefabParentObject: {fileID: 4518005832915470, guid: cb49372448ac2fd4dacb1fd4f4958229,
    type: 2}
  m_PrefabInternal: {fileID: 1013136437}
  m_GameObject: {fileID: 748774408}
  m_LocalRotation: {x: -0.7071068, y: 0, z: -0, w: 0.7071068}
  m_LocalPosition: {x: -0.00000041218786, y: -3.5971226e-14, z: 0.00000041218786}
  m_LocalScale: {x: 0.0032474808, y: 0.0032474808, z: 0.0032474808}
  m_Children: []
  m_Father: {fileID: 967348650}
  m_RootOrder: 1
  m_LocalEulerAnglesHint: {x: 0, y: 0, z: 0}
--- !u!1 &802698617
GameObject:
  m_ObjectHideFlags: 0
  m_PrefabParentObject: {fileID: 1580262808635588, guid: 9c736b3b674f1384eaa1b1fb55841ccf,
    type: 2}
  m_PrefabInternal: {fileID: 1311114982}
  serializedVersion: 5
  m_Component:
  - component: {fileID: 802698618}
  - component: {fileID: 802698619}
  - component: {fileID: 802698620}
  m_Layer: 0
  m_Name: LOD2
  m_TagString: Untagged
  m_Icon: {fileID: 0}
  m_NavMeshLayer: 0
  m_StaticEditorFlags: 0
  m_IsActive: 1
--- !u!4 &802698618
Transform:
  m_ObjectHideFlags: 0
  m_PrefabParentObject: {fileID: 4440169868080010, guid: 9c736b3b674f1384eaa1b1fb55841ccf,
    type: 2}
  m_PrefabInternal: {fileID: 1311114982}
  m_GameObject: {fileID: 802698617}
  m_LocalRotation: {x: -0.7071068, y: 0.000000061817246, z: 0.000000061817246, w: 0.7071068}
  m_LocalPosition: {x: 0.07595486, y: -3.5971226e-14, z: 0.00000041218786}
  m_LocalScale: {x: 0.0043848525, y: 0.0043848525, z: 0.0043848525}
  m_Children: []
  m_Father: {fileID: 61497832}
  m_RootOrder: 0
  m_LocalEulerAnglesHint: {x: 0, y: 0, z: 0}
--- !u!33 &802698619
MeshFilter:
  m_ObjectHideFlags: 0
  m_PrefabParentObject: {fileID: 33144652247679390, guid: 9c736b3b674f1384eaa1b1fb55841ccf,
    type: 2}
  m_PrefabInternal: {fileID: 1311114982}
  m_GameObject: {fileID: 802698617}
  m_Mesh: {fileID: 4300000, guid: 77021b0034b2bc94dadf512ab1c14a58, type: 3}
--- !u!23 &802698620
MeshRenderer:
  m_ObjectHideFlags: 0
  m_PrefabParentObject: {fileID: 23962912834254252, guid: 9c736b3b674f1384eaa1b1fb55841ccf,
    type: 2}
  m_PrefabInternal: {fileID: 1311114982}
  m_GameObject: {fileID: 802698617}
  m_Enabled: 1
  m_CastShadows: 1
  m_ReceiveShadows: 1
  m_MotionVectors: 1
  m_LightProbeUsage: 1
  m_ReflectionProbeUsage: 1
  m_Materials:
  - {fileID: 2100000, guid: b14b5302c1eee284db78c4d17cf94f4c, type: 2}
  m_StaticBatchInfo:
    firstSubMesh: 0
    subMeshCount: 0
  m_StaticBatchRoot: {fileID: 0}
  m_ProbeAnchor: {fileID: 0}
  m_LightProbeVolumeOverride: {fileID: 0}
  m_ScaleInLightmap: 1
  m_PreserveUVs: 0
  m_IgnoreNormalsForChartDetection: 0
  m_ImportantGI: 0
  m_SelectedEditorRenderState: 3
  m_MinimumChartSize: 4
  m_AutoUVMaxDistance: 0.5
  m_AutoUVMaxAngle: 89
  m_LightmapParameters: {fileID: 0}
  m_SortingLayerID: 0
  m_SortingLayer: 0
  m_SortingOrder: 0
--- !u!1 &876253310
GameObject:
  m_ObjectHideFlags: 0
  m_PrefabParentObject: {fileID: 1344715019521424, guid: 9c736b3b674f1384eaa1b1fb55841ccf,
    type: 2}
  m_PrefabInternal: {fileID: 1311114982}
  serializedVersion: 5
  m_Component:
  - component: {fileID: 876253313}
  - component: {fileID: 876253312}
  - component: {fileID: 876253311}
  m_Layer: 0
  m_Name: tire
  m_TagString: Untagged
  m_Icon: {fileID: 0}
  m_NavMeshLayer: 0
  m_StaticEditorFlags: 0
  m_IsActive: 1
--- !u!23 &876253311
MeshRenderer:
  m_ObjectHideFlags: 0
  m_PrefabParentObject: {fileID: 23573542688311472, guid: 9c736b3b674f1384eaa1b1fb55841ccf,
    type: 2}
  m_PrefabInternal: {fileID: 1311114982}
  m_GameObject: {fileID: 876253310}
  m_Enabled: 1
  m_CastShadows: 1
  m_ReceiveShadows: 1
  m_MotionVectors: 1
  m_LightProbeUsage: 1
  m_ReflectionProbeUsage: 1
  m_Materials:
  - {fileID: 2100000, guid: 924a2edcd7e036a45a3b2833fa04bcd2, type: 2}
  - {fileID: 2100000, guid: 924a2edcd7e036a45a3b2833fa04bcd2, type: 2}
  m_StaticBatchInfo:
    firstSubMesh: 0
    subMeshCount: 0
  m_StaticBatchRoot: {fileID: 0}
  m_ProbeAnchor: {fileID: 0}
  m_LightProbeVolumeOverride: {fileID: 0}
  m_ScaleInLightmap: 1
  m_PreserveUVs: 0
  m_IgnoreNormalsForChartDetection: 0
  m_ImportantGI: 0
  m_SelectedEditorRenderState: 3
  m_MinimumChartSize: 4
  m_AutoUVMaxDistance: 0.5
  m_AutoUVMaxAngle: 89
  m_LightmapParameters: {fileID: 0}
  m_SortingLayerID: 0
  m_SortingLayer: 0
  m_SortingOrder: 0
--- !u!33 &876253312
MeshFilter:
  m_ObjectHideFlags: 0
  m_PrefabParentObject: {fileID: 33985240518421602, guid: 9c736b3b674f1384eaa1b1fb55841ccf,
    type: 2}
  m_PrefabInternal: {fileID: 1311114982}
  m_GameObject: {fileID: 876253310}
  m_Mesh: {fileID: 4300002, guid: b21ad3fae192b894e8946288e64cf471, type: 3}
--- !u!4 &876253313
Transform:
  m_ObjectHideFlags: 0
  m_PrefabParentObject: {fileID: 4087206841472640, guid: 9c736b3b674f1384eaa1b1fb55841ccf,
    type: 2}
  m_PrefabInternal: {fileID: 1311114982}
  m_GameObject: {fileID: 876253310}
  m_LocalRotation: {x: -0.7071068, y: 0, z: -0, w: 0.7071068}
  m_LocalPosition: {x: -0.00000041218786, y: -3.5971226e-14, z: 0.00000041218786}
  m_LocalScale: {x: 0.0032474808, y: 0.0032474808, z: 0.0032474808}
  m_Children: []
  m_Father: {fileID: 452488034}
  m_RootOrder: 1
  m_LocalEulerAnglesHint: {x: 0, y: 0, z: 0}
--- !u!1 &967348649
GameObject:
  m_ObjectHideFlags: 0
  m_PrefabParentObject: {fileID: 1414594613747664, guid: cb49372448ac2fd4dacb1fd4f4958229,
    type: 2}
  m_PrefabInternal: {fileID: 1013136437}
  serializedVersion: 5
  m_Component:
  - component: {fileID: 967348650}
  - component: {fileID: 967348651}
  m_Layer: 0
  m_Name: lod2
  m_TagString: Untagged
  m_Icon: {fileID: 0}
  m_NavMeshLayer: 0
  m_StaticEditorFlags: 0
  m_IsActive: 1
--- !u!4 &967348650
Transform:
  m_ObjectHideFlags: 0
  m_PrefabParentObject: {fileID: 4105380424862728, guid: cb49372448ac2fd4dacb1fd4f4958229,
    type: 2}
  m_PrefabInternal: {fileID: 1013136437}
  m_GameObject: {fileID: 967348649}
  m_LocalRotation: {x: -0, y: -0, z: -0, w: 1}
  m_LocalPosition: {x: 0, y: 0, z: 0}
  m_LocalScale: {x: 1, y: 1, z: 1}
  m_Children:
  - {fileID: 364694282}
  - {fileID: 748774411}
  m_Father: {fileID: 2144279244}
  m_RootOrder: 1
  m_LocalEulerAnglesHint: {x: 0, y: 0, z: 0}
--- !u!95 &967348651
Animator:
  serializedVersion: 3
  m_ObjectHideFlags: 0
  m_PrefabParentObject: {fileID: 95869331317569724, guid: cb49372448ac2fd4dacb1fd4f4958229,
    type: 2}
  m_PrefabInternal: {fileID: 1013136437}
  m_GameObject: {fileID: 967348649}
  m_Enabled: 1
  m_Avatar: {fileID: 9000000, guid: b21ad3fae192b894e8946288e64cf471, type: 3}
  m_Controller: {fileID: 0}
  m_CullingMode: 0
  m_UpdateMode: 0
  m_ApplyRootMotion: 0
  m_LinearVelocityBlending: 0
  m_WarningMessage: 
  m_HasTransformHierarchy: 1
  m_AllowConstantClipSamplingOptimization: 1
--- !u!1 &984881845
GameObject:
  m_ObjectHideFlags: 0
  m_PrefabParentObject: {fileID: 1186470932678736, guid: 1116b78f32b216943a35f8bea7c7a4c4,
    type: 2}
  m_PrefabInternal: {fileID: 1042799855}
  serializedVersion: 5
  m_Component:
  - component: {fileID: 984881848}
  - component: {fileID: 984881847}
  - component: {fileID: 984881846}
  m_Layer: 0
  m_Name: tire
  m_TagString: Untagged
  m_Icon: {fileID: 0}
  m_NavMeshLayer: 0
  m_StaticEditorFlags: 0
  m_IsActive: 1
--- !u!23 &984881846
MeshRenderer:
  m_ObjectHideFlags: 0
  m_PrefabParentObject: {fileID: 23772158333212018, guid: 1116b78f32b216943a35f8bea7c7a4c4,
    type: 2}
  m_PrefabInternal: {fileID: 1042799855}
  m_GameObject: {fileID: 984881845}
  m_Enabled: 1
  m_CastShadows: 1
  m_ReceiveShadows: 1
  m_MotionVectors: 1
  m_LightProbeUsage: 1
  m_ReflectionProbeUsage: 1
  m_Materials:
  - {fileID: 2100000, guid: 924a2edcd7e036a45a3b2833fa04bcd2, type: 2}
  m_StaticBatchInfo:
    firstSubMesh: 0
    subMeshCount: 0
  m_StaticBatchRoot: {fileID: 0}
  m_ProbeAnchor: {fileID: 0}
  m_LightProbeVolumeOverride: {fileID: 0}
  m_ScaleInLightmap: 1
  m_PreserveUVs: 0
  m_IgnoreNormalsForChartDetection: 0
  m_ImportantGI: 0
  m_SelectedEditorRenderState: 3
  m_MinimumChartSize: 4
  m_AutoUVMaxDistance: 0.5
  m_AutoUVMaxAngle: 89
  m_LightmapParameters: {fileID: 0}
  m_SortingLayerID: 0
  m_SortingLayer: 0
  m_SortingOrder: 0
--- !u!33 &984881847
MeshFilter:
  m_ObjectHideFlags: 0
  m_PrefabParentObject: {fileID: 33677243659061040, guid: 1116b78f32b216943a35f8bea7c7a4c4,
    type: 2}
  m_PrefabInternal: {fileID: 1042799855}
  m_GameObject: {fileID: 984881845}
  m_Mesh: {fileID: 4300002, guid: 77021b0034b2bc94dadf512ab1c14a58, type: 3}
--- !u!4 &984881848
Transform:
  m_ObjectHideFlags: 0
  m_PrefabParentObject: {fileID: 4978793330069136, guid: 1116b78f32b216943a35f8bea7c7a4c4,
    type: 2}
  m_PrefabInternal: {fileID: 1042799855}
  m_GameObject: {fileID: 984881845}
  m_LocalRotation: {x: -0.7071068, y: 0, z: -0, w: 0.7071068}
  m_LocalPosition: {x: -0.00000041218786, y: -3.5971226e-14, z: 0.00000041218786}
  m_LocalScale: {x: 0.0032474808, y: 0.0032474808, z: 0.0032474808}
  m_Children: []
  m_Father: {fileID: 1922805281}
  m_RootOrder: 1
  m_LocalEulerAnglesHint: {x: 0, y: 0, z: 0}
--- !u!1001 &1013136437
Prefab:
  m_ObjectHideFlags: 0
  serializedVersion: 2
  m_Modification:
    m_TransformParent: {fileID: 0}
    m_Modifications:
    - target: {fileID: 4340151348415172, guid: cb49372448ac2fd4dacb1fd4f4958229, type: 2}
      propertyPath: m_LocalPosition.x
      value: 0.1000925
      objectReference: {fileID: 0}
    - target: {fileID: 4340151348415172, guid: cb49372448ac2fd4dacb1fd4f4958229, type: 2}
      propertyPath: m_LocalPosition.y
      value: 0.20075431
      objectReference: {fileID: 0}
    - target: {fileID: 4340151348415172, guid: cb49372448ac2fd4dacb1fd4f4958229, type: 2}
      propertyPath: m_LocalPosition.z
      value: -0.1063987
      objectReference: {fileID: 0}
    - target: {fileID: 4340151348415172, guid: cb49372448ac2fd4dacb1fd4f4958229, type: 2}
      propertyPath: m_LocalRotation.x
      value: -0
      objectReference: {fileID: 0}
    - target: {fileID: 4340151348415172, guid: cb49372448ac2fd4dacb1fd4f4958229, type: 2}
      propertyPath: m_LocalRotation.y
      value: -0
      objectReference: {fileID: 0}
    - target: {fileID: 4340151348415172, guid: cb49372448ac2fd4dacb1fd4f4958229, type: 2}
      propertyPath: m_LocalRotation.z
      value: -0
      objectReference: {fileID: 0}
    - target: {fileID: 4340151348415172, guid: cb49372448ac2fd4dacb1fd4f4958229, type: 2}
      propertyPath: m_LocalRotation.w
      value: 1
      objectReference: {fileID: 0}
    - target: {fileID: 4340151348415172, guid: cb49372448ac2fd4dacb1fd4f4958229, type: 2}
      propertyPath: m_RootOrder
      value: 3
      objectReference: {fileID: 0}
    m_RemovedComponents: []
  m_ParentPrefab: {fileID: 100100000, guid: cb49372448ac2fd4dacb1fd4f4958229, type: 2}
  m_RootGameObject: {fileID: 2144279242}
  m_IsPrefabParent: 0
--- !u!1001 &1042799855
Prefab:
  m_ObjectHideFlags: 0
  serializedVersion: 2
  m_Modification:
    m_TransformParent: {fileID: 0}
    m_Modifications:
    - target: {fileID: 4033413756283352, guid: 1116b78f32b216943a35f8bea7c7a4c4, type: 2}
      propertyPath: m_LocalPosition.x
      value: -0.4581907
      objectReference: {fileID: 0}
    - target: {fileID: 4033413756283352, guid: 1116b78f32b216943a35f8bea7c7a4c4, type: 2}
      propertyPath: m_LocalPosition.y
      value: 0.20075431
      objectReference: {fileID: 0}
    - target: {fileID: 4033413756283352, guid: 1116b78f32b216943a35f8bea7c7a4c4, type: 2}
      propertyPath: m_LocalPosition.z
      value: 0.609626
      objectReference: {fileID: 0}
    - target: {fileID: 4033413756283352, guid: 1116b78f32b216943a35f8bea7c7a4c4, type: 2}
      propertyPath: m_LocalRotation.x
      value: -0
      objectReference: {fileID: 0}
    - target: {fileID: 4033413756283352, guid: 1116b78f32b216943a35f8bea7c7a4c4, type: 2}
      propertyPath: m_LocalRotation.y
      value: -0
      objectReference: {fileID: 0}
    - target: {fileID: 4033413756283352, guid: 1116b78f32b216943a35f8bea7c7a4c4, type: 2}
      propertyPath: m_LocalRotation.z
      value: -0
      objectReference: {fileID: 0}
    - target: {fileID: 4033413756283352, guid: 1116b78f32b216943a35f8bea7c7a4c4, type: 2}
      propertyPath: m_LocalRotation.w
      value: 1
      objectReference: {fileID: 0}
    - target: {fileID: 4033413756283352, guid: 1116b78f32b216943a35f8bea7c7a4c4, type: 2}
      propertyPath: m_RootOrder
      value: 2
      objectReference: {fileID: 0}
    m_RemovedComponents: []
  m_ParentPrefab: {fileID: 100100000, guid: 1116b78f32b216943a35f8bea7c7a4c4, type: 2}
  m_RootGameObject: {fileID: 1111181687}
  m_IsPrefabParent: 0
--- !u!1 &1071883003
GameObject:
  m_ObjectHideFlags: 0
  m_PrefabParentObject: {fileID: 1421005624242754, guid: cb49372448ac2fd4dacb1fd4f4958229,
    type: 2}
  m_PrefabInternal: {fileID: 1013136437}
  serializedVersion: 5
  m_Component:
  - component: {fileID: 1071883004}
  - component: {fileID: 1071883005}
  m_Layer: 0
  m_Name: Wheel
  m_TagString: Untagged
  m_Icon: {fileID: 0}
  m_NavMeshLayer: 0
  m_StaticEditorFlags: 0
  m_IsActive: 1
--- !u!4 &1071883004
Transform:
  m_ObjectHideFlags: 0
  m_PrefabParentObject: {fileID: 4714993719410976, guid: cb49372448ac2fd4dacb1fd4f4958229,
    type: 2}
  m_PrefabInternal: {fileID: 1013136437}
  m_GameObject: {fileID: 1071883003}
  m_LocalRotation: {x: -0, y: -0, z: -0, w: 1}
  m_LocalPosition: {x: 0, y: 0, z: 0}
  m_LocalScale: {x: 1, y: 1, z: 1}
  m_Children:
  - {fileID: 1291111664}
  - {fileID: 1800561836}
  m_Father: {fileID: 2144279244}
  m_RootOrder: 0
  m_LocalEulerAnglesHint: {x: 0, y: 0, z: 0}
--- !u!95 &1071883005
Animator:
  serializedVersion: 3
  m_ObjectHideFlags: 0
  m_PrefabParentObject: {fileID: 95025226083077704, guid: cb49372448ac2fd4dacb1fd4f4958229,
    type: 2}
  m_PrefabInternal: {fileID: 1013136437}
  m_GameObject: {fileID: 1071883003}
  m_Enabled: 1
  m_Avatar: {fileID: 9000000, guid: a574aa865076a37489381298c13afb73, type: 3}
  m_Controller: {fileID: 0}
  m_CullingMode: 0
  m_UpdateMode: 0
  m_ApplyRootMotion: 0
  m_LinearVelocityBlending: 0
  m_WarningMessage: 
  m_HasTransformHierarchy: 1
  m_AllowConstantClipSamplingOptimization: 1
--- !u!1 &1111181687
GameObject:
  m_ObjectHideFlags: 0
  m_PrefabParentObject: {fileID: 1257561777216062, guid: 1116b78f32b216943a35f8bea7c7a4c4,
    type: 2}
  m_PrefabInternal: {fileID: 1042799855}
  serializedVersion: 5
  m_Component:
  - component: {fileID: 1111181689}
  - component: {fileID: 1111181688}
  m_Layer: 0
  m_Name: wheelB
  m_TagString: Untagged
  m_Icon: {fileID: 0}
  m_NavMeshLayer: 0
  m_StaticEditorFlags: 0
  m_IsActive: 1
--- !u!205 &1111181688
LODGroup:
  m_ObjectHideFlags: 0
  m_PrefabParentObject: {fileID: 205502190790391432, guid: 1116b78f32b216943a35f8bea7c7a4c4,
    type: 2}
  m_PrefabInternal: {fileID: 1042799855}
  m_GameObject: {fileID: 1111181687}
  serializedVersion: 2
  m_LocalReferencePoint: {x: 0.00000029057264, y: 0, z: 0.00000044703484}
  m_Size: 0.6735089
  m_FadeMode: 0
  m_AnimateCrossFading: 0
  m_LODs:
  - screenRelativeHeight: 0.4407631
    fadeTransitionWidth: 0
    renderers:
    - renderer: {fileID: 358856696}
    - renderer: {fileID: 1718410837}
  - screenRelativeHeight: 0.11833884
    fadeTransitionWidth: 0
    renderers:
    - renderer: {fileID: 1879633855}
    - renderer: {fileID: 1785934326}
  - screenRelativeHeight: 0.0061992654
    fadeTransitionWidth: 0
    renderers:
    - renderer: {fileID: 1355623099}
    - renderer: {fileID: 984881846}
  m_Enabled: 1
--- !u!4 &1111181689
Transform:
  m_ObjectHideFlags: 0
  m_PrefabParentObject: {fileID: 4033413756283352, guid: 1116b78f32b216943a35f8bea7c7a4c4,
    type: 2}
  m_PrefabInternal: {fileID: 1042799855}
  m_GameObject: {fileID: 1111181687}
  m_LocalRotation: {x: -0, y: -0, z: -0, w: 1}
  m_LocalPosition: {x: -0.4581907, y: 0.20075431, z: 0.609626}
  m_LocalScale: {x: 1, y: 1, z: 1}
  m_Children:
  - {fileID: 572645355}
  - {fileID: 1235850224}
  - {fileID: 1922805281}
  m_Father: {fileID: 0}
  m_RootOrder: 2
  m_LocalEulerAnglesHint: {x: 0, y: 0, z: 0}
--- !u!1 &1235850223
GameObject:
  m_ObjectHideFlags: 0
  m_PrefabParentObject: {fileID: 1183551735761526, guid: 1116b78f32b216943a35f8bea7c7a4c4,
    type: 2}
  m_PrefabInternal: {fileID: 1042799855}
  serializedVersion: 5
  m_Component:
  - component: {fileID: 1235850224}
  - component: {fileID: 1235850225}
  m_Layer: 0
  m_Name: lod2
  m_TagString: Untagged
  m_Icon: {fileID: 0}
  m_NavMeshLayer: 0
  m_StaticEditorFlags: 0
  m_IsActive: 1
--- !u!4 &1235850224
Transform:
  m_ObjectHideFlags: 0
  m_PrefabParentObject: {fileID: 4549160138352754, guid: 1116b78f32b216943a35f8bea7c7a4c4,
    type: 2}
  m_PrefabInternal: {fileID: 1042799855}
  m_GameObject: {fileID: 1235850223}
  m_LocalRotation: {x: -0, y: -0, z: -0, w: 1}
  m_LocalPosition: {x: 0, y: 0, z: 0}
  m_LocalScale: {x: 1, y: 1, z: 1}
  m_Children:
  - {fileID: 1879633853}
  - {fileID: 1785934328}
  m_Father: {fileID: 1111181689}
  m_RootOrder: 1
  m_LocalEulerAnglesHint: {x: 0, y: 0, z: 0}
--- !u!95 &1235850225
Animator:
  serializedVersion: 3
  m_ObjectHideFlags: 0
  m_PrefabParentObject: {fileID: 95552965740612544, guid: 1116b78f32b216943a35f8bea7c7a4c4,
    type: 2}
  m_PrefabInternal: {fileID: 1042799855}
  m_GameObject: {fileID: 1235850223}
  m_Enabled: 1
  m_Avatar: {fileID: 9000000, guid: b21ad3fae192b894e8946288e64cf471, type: 3}
  m_Controller: {fileID: 0}
  m_CullingMode: 0
  m_UpdateMode: 0
  m_ApplyRootMotion: 0
  m_LinearVelocityBlending: 0
  m_WarningMessage: 
  m_HasTransformHierarchy: 1
  m_AllowConstantClipSamplingOptimization: 1
--- !u!1 &1250788480
GameObject:
  m_ObjectHideFlags: 0
  m_PrefabParentObject: {fileID: 1060343097334512, guid: 9c736b3b674f1384eaa1b1fb55841ccf,
    type: 2}
  m_PrefabInternal: {fileID: 1311114982}
  serializedVersion: 5
  m_Component:
  - component: {fileID: 1250788483}
  - component: {fileID: 1250788482}
  - component: {fileID: 1250788481}
  m_Layer: 0
  m_Name: tire
  m_TagString: Untagged
  m_Icon: {fileID: 0}
  m_NavMeshLayer: 0
  m_StaticEditorFlags: 0
  m_IsActive: 1
--- !u!23 &1250788481
MeshRenderer:
  m_ObjectHideFlags: 0
  m_PrefabParentObject: {fileID: 23046474332783598, guid: 9c736b3b674f1384eaa1b1fb55841ccf,
    type: 2}
  m_PrefabInternal: {fileID: 1311114982}
  m_GameObject: {fileID: 1250788480}
  m_Enabled: 1
  m_CastShadows: 1
  m_ReceiveShadows: 1
  m_MotionVectors: 1
  m_LightProbeUsage: 1
  m_ReflectionProbeUsage: 1
  m_Materials:
  - {fileID: 2100000, guid: 924a2edcd7e036a45a3b2833fa04bcd2, type: 2}
  - {fileID: 2100000, guid: 924a2edcd7e036a45a3b2833fa04bcd2, type: 2}
  m_StaticBatchInfo:
    firstSubMesh: 0
    subMeshCount: 0
  m_StaticBatchRoot: {fileID: 0}
  m_ProbeAnchor: {fileID: 0}
  m_LightProbeVolumeOverride: {fileID: 0}
  m_ScaleInLightmap: 1
  m_PreserveUVs: 0
  m_IgnoreNormalsForChartDetection: 0
  m_ImportantGI: 0
  m_SelectedEditorRenderState: 3
  m_MinimumChartSize: 4
  m_AutoUVMaxDistance: 0.5
  m_AutoUVMaxAngle: 89
  m_LightmapParameters: {fileID: 0}
  m_SortingLayerID: 0
  m_SortingLayer: 0
  m_SortingOrder: 0
--- !u!33 &1250788482
MeshFilter:
  m_ObjectHideFlags: 0
  m_PrefabParentObject: {fileID: 33556198695408904, guid: 9c736b3b674f1384eaa1b1fb55841ccf,
    type: 2}
  m_PrefabInternal: {fileID: 1311114982}
  m_GameObject: {fileID: 1250788480}
  m_Mesh: {fileID: 4300002, guid: a574aa865076a37489381298c13afb73, type: 3}
--- !u!4 &1250788483
Transform:
  m_ObjectHideFlags: 0
  m_PrefabParentObject: {fileID: 4170353412435400, guid: 9c736b3b674f1384eaa1b1fb55841ccf,
    type: 2}
  m_PrefabInternal: {fileID: 1311114982}
  m_GameObject: {fileID: 1250788480}
  m_LocalRotation: {x: -0.7071068, y: 0, z: -0, w: 0.7071068}
  m_LocalPosition: {x: -0.00000041218786, y: -3.5971226e-14, z: 0.00000041218786}
  m_LocalScale: {x: 0.0032474808, y: 0.0032474808, z: 0.0032474808}
  m_Children: []
  m_Father: {fileID: 1899088976}
  m_RootOrder: 1
  m_LocalEulerAnglesHint: {x: 0, y: 0, z: 0}
--- !u!1 &1291111663
GameObject:
  m_ObjectHideFlags: 0
  m_PrefabParentObject: {fileID: 1261877185173900, guid: cb49372448ac2fd4dacb1fd4f4958229,
    type: 2}
  m_PrefabInternal: {fileID: 1013136437}
  serializedVersion: 5
  m_Component:
  - component: {fileID: 1291111664}
  - component: {fileID: 1291111665}
  - component: {fileID: 1291111666}
  m_Layer: 0
  m_Name: Object004
  m_TagString: Untagged
  m_Icon: {fileID: 0}
  m_NavMeshLayer: 0
  m_StaticEditorFlags: 0
  m_IsActive: 1
--- !u!4 &1291111664
Transform:
  m_ObjectHideFlags: 0
  m_PrefabParentObject: {fileID: 4857442732908250, guid: cb49372448ac2fd4dacb1fd4f4958229,
    type: 2}
  m_PrefabInternal: {fileID: 1013136437}
  m_GameObject: {fileID: 1291111663}
  m_LocalRotation: {x: -0.7071068, y: 0.000000061817246, z: 0.000000061817246, w: 0.7071068}
  m_LocalPosition: {x: 0.009299582, y: -3.5971226e-14, z: 0.00000041218786}
  m_LocalScale: {x: 0.0043848525, y: 0.0043848525, z: 0.0043848525}
  m_Children: []
  m_Father: {fileID: 1071883004}
  m_RootOrder: 0
  m_LocalEulerAnglesHint: {x: 0, y: 0, z: 0}
--- !u!33 &1291111665
MeshFilter:
  m_ObjectHideFlags: 0
  m_PrefabParentObject: {fileID: 33295097332405396, guid: cb49372448ac2fd4dacb1fd4f4958229,
    type: 2}
  m_PrefabInternal: {fileID: 1013136437}
  m_GameObject: {fileID: 1291111663}
  m_Mesh: {fileID: 4300000, guid: a574aa865076a37489381298c13afb73, type: 3}
--- !u!23 &1291111666
MeshRenderer:
  m_ObjectHideFlags: 0
  m_PrefabParentObject: {fileID: 23522778925085684, guid: cb49372448ac2fd4dacb1fd4f4958229,
    type: 2}
  m_PrefabInternal: {fileID: 1013136437}
  m_GameObject: {fileID: 1291111663}
  m_Enabled: 1
  m_CastShadows: 1
  m_ReceiveShadows: 1
  m_MotionVectors: 1
  m_LightProbeUsage: 1
  m_ReflectionProbeUsage: 1
  m_Materials:
  - {fileID: 2100000, guid: a69f983691ff8f644a99898e65e66393, type: 2}
  m_StaticBatchInfo:
    firstSubMesh: 0
    subMeshCount: 0
  m_StaticBatchRoot: {fileID: 0}
  m_ProbeAnchor: {fileID: 0}
  m_LightProbeVolumeOverride: {fileID: 0}
  m_ScaleInLightmap: 1
  m_PreserveUVs: 0
  m_IgnoreNormalsForChartDetection: 0
  m_ImportantGI: 0
  m_SelectedEditorRenderState: 3
  m_MinimumChartSize: 4
  m_AutoUVMaxDistance: 0.5
  m_AutoUVMaxAngle: 89
  m_LightmapParameters: {fileID: 0}
  m_SortingLayerID: 0
  m_SortingLayer: 0
  m_SortingOrder: 0
--- !u!1001 &1311114982
Prefab:
  m_ObjectHideFlags: 0
  serializedVersion: 2
  m_Modification:
    m_TransformParent: {fileID: 0}
    m_Modifications:
    - target: {fileID: 4467394074270472, guid: 9c736b3b674f1384eaa1b1fb55841ccf, type: 2}
      propertyPath: m_LocalPosition.x
      value: 0.32476985
      objectReference: {fileID: 0}
    - target: {fileID: 4467394074270472, guid: 9c736b3b674f1384eaa1b1fb55841ccf, type: 2}
      propertyPath: m_LocalPosition.y
      value: 0.20075431
      objectReference: {fileID: 0}
    - target: {fileID: 4467394074270472, guid: 9c736b3b674f1384eaa1b1fb55841ccf, type: 2}
      propertyPath: m_LocalPosition.z
      value: -0.7798697
      objectReference: {fileID: 0}
    - target: {fileID: 4467394074270472, guid: 9c736b3b674f1384eaa1b1fb55841ccf, type: 2}
      propertyPath: m_LocalRotation.x
      value: -0
      objectReference: {fileID: 0}
    - target: {fileID: 4467394074270472, guid: 9c736b3b674f1384eaa1b1fb55841ccf, type: 2}
      propertyPath: m_LocalRotation.y
      value: -0
      objectReference: {fileID: 0}
    - target: {fileID: 4467394074270472, guid: 9c736b3b674f1384eaa1b1fb55841ccf, type: 2}
      propertyPath: m_LocalRotation.z
      value: -0
      objectReference: {fileID: 0}
    - target: {fileID: 4467394074270472, guid: 9c736b3b674f1384eaa1b1fb55841ccf, type: 2}
      propertyPath: m_LocalRotation.w
      value: 1
      objectReference: {fileID: 0}
    - target: {fileID: 4467394074270472, guid: 9c736b3b674f1384eaa1b1fb55841ccf, type: 2}
      propertyPath: m_RootOrder
      value: 1
      objectReference: {fileID: 0}
    m_RemovedComponents: []
  m_ParentPrefab: {fileID: 100100000, guid: 9c736b3b674f1384eaa1b1fb55841ccf, type: 2}
  m_RootGameObject: {fileID: 655496874}
  m_IsPrefabParent: 0
--- !u!1 &1355623096
GameObject:
  m_ObjectHideFlags: 0
  m_PrefabParentObject: {fileID: 1185980702391216, guid: 1116b78f32b216943a35f8bea7c7a4c4,
    type: 2}
  m_PrefabInternal: {fileID: 1042799855}
  serializedVersion: 5
  m_Component:
  - component: {fileID: 1355623097}
  - component: {fileID: 1355623098}
  - component: {fileID: 1355623099}
  m_Layer: 0
  m_Name: LOD2
  m_TagString: Untagged
  m_Icon: {fileID: 0}
  m_NavMeshLayer: 0
  m_StaticEditorFlags: 0
  m_IsActive: 1
--- !u!4 &1355623097
Transform:
  m_ObjectHideFlags: 0
  m_PrefabParentObject: {fileID: 4220480323956418, guid: 1116b78f32b216943a35f8bea7c7a4c4,
    type: 2}
  m_PrefabInternal: {fileID: 1042799855}
  m_GameObject: {fileID: 1355623096}
  m_LocalRotation: {x: -0.7071068, y: 0.000000061817246, z: 0.000000061817246, w: 0.7071068}
  m_LocalPosition: {x: 0.07595486, y: -3.5971226e-14, z: 0.00000041218786}
  m_LocalScale: {x: 0.0043848525, y: 0.0043848525, z: 0.0043848525}
  m_Children: []
  m_Father: {fileID: 1922805281}
  m_RootOrder: 0
  m_LocalEulerAnglesHint: {x: 0, y: 0, z: 0}
--- !u!33 &1355623098
MeshFilter:
  m_ObjectHideFlags: 0
  m_PrefabParentObject: {fileID: 33647631920046086, guid: 1116b78f32b216943a35f8bea7c7a4c4,
    type: 2}
  m_PrefabInternal: {fileID: 1042799855}
  m_GameObject: {fileID: 1355623096}
  m_Mesh: {fileID: 4300000, guid: 77021b0034b2bc94dadf512ab1c14a58, type: 3}
--- !u!23 &1355623099
MeshRenderer:
  m_ObjectHideFlags: 0
  m_PrefabParentObject: {fileID: 23737889751474416, guid: 1116b78f32b216943a35f8bea7c7a4c4,
    type: 2}
  m_PrefabInternal: {fileID: 1042799855}
  m_GameObject: {fileID: 1355623096}
  m_Enabled: 1
  m_CastShadows: 1
  m_ReceiveShadows: 1
  m_MotionVectors: 1
  m_LightProbeUsage: 1
  m_ReflectionProbeUsage: 1
  m_Materials:
  - {fileID: 2100000, guid: 6aeb5b68d5529a94fad1ac5f8ea5c41b, type: 2}
  m_StaticBatchInfo:
    firstSubMesh: 0
    subMeshCount: 0
  m_StaticBatchRoot: {fileID: 0}
  m_ProbeAnchor: {fileID: 0}
  m_LightProbeVolumeOverride: {fileID: 0}
  m_ScaleInLightmap: 1
  m_PreserveUVs: 0
  m_IgnoreNormalsForChartDetection: 0
  m_ImportantGI: 0
  m_SelectedEditorRenderState: 3
  m_MinimumChartSize: 4
  m_AutoUVMaxDistance: 0.5
  m_AutoUVMaxAngle: 89
  m_LightmapParameters: {fileID: 0}
  m_SortingLayerID: 0
  m_SortingLayer: 0
  m_SortingOrder: 0
--- !u!1 &1451186423
GameObject:
  m_ObjectHideFlags: 0
  m_PrefabParentObject: {fileID: 1150192583037864, guid: cb49372448ac2fd4dacb1fd4f4958229,
    type: 2}
  m_PrefabInternal: {fileID: 1013136437}
  serializedVersion: 5
  m_Component:
  - component: {fileID: 1451186424}
  - component: {fileID: 1451186425}
  - component: {fileID: 1451186426}
  m_Layer: 0
  m_Name: LOD2
  m_TagString: Untagged
  m_Icon: {fileID: 0}
  m_NavMeshLayer: 0
  m_StaticEditorFlags: 0
  m_IsActive: 1
--- !u!4 &1451186424
Transform:
  m_ObjectHideFlags: 0
  m_PrefabParentObject: {fileID: 4691026977663162, guid: cb49372448ac2fd4dacb1fd4f4958229,
    type: 2}
  m_PrefabInternal: {fileID: 1013136437}
  m_GameObject: {fileID: 1451186423}
  m_LocalRotation: {x: -0.7071068, y: 0.000000061817246, z: 0.000000061817246, w: 0.7071068}
  m_LocalPosition: {x: 0.07595486, y: -3.5971226e-14, z: 0.00000041218786}
  m_LocalScale: {x: 0.0043848525, y: 0.0043848525, z: 0.0043848525}
  m_Children: []
  m_Father: {fileID: 733950720}
  m_RootOrder: 0
  m_LocalEulerAnglesHint: {x: 0, y: 0, z: 0}
--- !u!33 &1451186425
MeshFilter:
  m_ObjectHideFlags: 0
  m_PrefabParentObject: {fileID: 33576552494944654, guid: cb49372448ac2fd4dacb1fd4f4958229,
    type: 2}
  m_PrefabInternal: {fileID: 1013136437}
  m_GameObject: {fileID: 1451186423}
  m_Mesh: {fileID: 4300000, guid: 77021b0034b2bc94dadf512ab1c14a58, type: 3}
--- !u!23 &1451186426
MeshRenderer:
  m_ObjectHideFlags: 0
  m_PrefabParentObject: {fileID: 23090996283033176, guid: cb49372448ac2fd4dacb1fd4f4958229,
    type: 2}
  m_PrefabInternal: {fileID: 1013136437}
  m_GameObject: {fileID: 1451186423}
  m_Enabled: 1
  m_CastShadows: 1
  m_ReceiveShadows: 1
  m_MotionVectors: 1
  m_LightProbeUsage: 1
  m_ReflectionProbeUsage: 1
  m_Materials:
  - {fileID: 2100000, guid: 85234901c5e22a647a81f645ea36762d, type: 2}
  m_StaticBatchInfo:
    firstSubMesh: 0
    subMeshCount: 0
  m_StaticBatchRoot: {fileID: 0}
  m_ProbeAnchor: {fileID: 0}
  m_LightProbeVolumeOverride: {fileID: 0}
  m_ScaleInLightmap: 1
  m_PreserveUVs: 0
  m_IgnoreNormalsForChartDetection: 0
  m_ImportantGI: 0
  m_SelectedEditorRenderState: 3
  m_MinimumChartSize: 4
  m_AutoUVMaxDistance: 0.5
  m_AutoUVMaxAngle: 89
  m_LightmapParameters: {fileID: 0}
  m_SortingLayerID: 0
  m_SortingLayer: 0
  m_SortingOrder: 0
--- !u!1 &1718410836
GameObject:
  m_ObjectHideFlags: 0
  m_PrefabParentObject: {fileID: 1177518738718260, guid: 1116b78f32b216943a35f8bea7c7a4c4,
    type: 2}
  m_PrefabInternal: {fileID: 1042799855}
  serializedVersion: 5
  m_Component:
  - component: {fileID: 1718410839}
  - component: {fileID: 1718410838}
  - component: {fileID: 1718410837}
  m_Layer: 0
  m_Name: tire
  m_TagString: Untagged
  m_Icon: {fileID: 0}
  m_NavMeshLayer: 0
  m_StaticEditorFlags: 0
  m_IsActive: 1
--- !u!23 &1718410837
MeshRenderer:
  m_ObjectHideFlags: 0
  m_PrefabParentObject: {fileID: 23091413269223550, guid: 1116b78f32b216943a35f8bea7c7a4c4,
    type: 2}
  m_PrefabInternal: {fileID: 1042799855}
  m_GameObject: {fileID: 1718410836}
  m_Enabled: 1
  m_CastShadows: 1
  m_ReceiveShadows: 1
  m_MotionVectors: 1
  m_LightProbeUsage: 1
  m_ReflectionProbeUsage: 1
  m_Materials:
  - {fileID: 2100000, guid: 924a2edcd7e036a45a3b2833fa04bcd2, type: 2}
  - {fileID: 2100000, guid: 924a2edcd7e036a45a3b2833fa04bcd2, type: 2}
  m_StaticBatchInfo:
    firstSubMesh: 0
    subMeshCount: 0
  m_StaticBatchRoot: {fileID: 0}
  m_ProbeAnchor: {fileID: 0}
  m_LightProbeVolumeOverride: {fileID: 0}
  m_ScaleInLightmap: 1
  m_PreserveUVs: 0
  m_IgnoreNormalsForChartDetection: 0
  m_ImportantGI: 0
  m_SelectedEditorRenderState: 3
  m_MinimumChartSize: 4
  m_AutoUVMaxDistance: 0.5
  m_AutoUVMaxAngle: 89
  m_LightmapParameters: {fileID: 0}
  m_SortingLayerID: 0
  m_SortingLayer: 0
  m_SortingOrder: 0
--- !u!33 &1718410838
MeshFilter:
  m_ObjectHideFlags: 0
  m_PrefabParentObject: {fileID: 33338739800050320, guid: 1116b78f32b216943a35f8bea7c7a4c4,
    type: 2}
  m_PrefabInternal: {fileID: 1042799855}
  m_GameObject: {fileID: 1718410836}
  m_Mesh: {fileID: 4300002, guid: a574aa865076a37489381298c13afb73, type: 3}
--- !u!4 &1718410839
Transform:
  m_ObjectHideFlags: 0
  m_PrefabParentObject: {fileID: 4418243329579024, guid: 1116b78f32b216943a35f8bea7c7a4c4,
    type: 2}
  m_PrefabInternal: {fileID: 1042799855}
  m_GameObject: {fileID: 1718410836}
  m_LocalRotation: {x: -0.7071068, y: 0, z: -0, w: 0.7071068}
  m_LocalPosition: {x: -0.00000041218786, y: -3.5971226e-14, z: 0.00000041218786}
  m_LocalScale: {x: 0.0032474808, y: 0.0032474808, z: 0.0032474808}
  m_Children: []
  m_Father: {fileID: 572645355}
  m_RootOrder: 1
  m_LocalEulerAnglesHint: {x: 0, y: 0, z: 0}
--- !u!1 &1785934325
GameObject:
  m_ObjectHideFlags: 0
  m_PrefabParentObject: {fileID: 1971954849993950, guid: 1116b78f32b216943a35f8bea7c7a4c4,
    type: 2}
  m_PrefabInternal: {fileID: 1042799855}
  serializedVersion: 5
  m_Component:
  - component: {fileID: 1785934328}
  - component: {fileID: 1785934327}
  - component: {fileID: 1785934326}
  m_Layer: 0
  m_Name: tire
  m_TagString: Untagged
  m_Icon: {fileID: 0}
  m_NavMeshLayer: 0
  m_StaticEditorFlags: 0
  m_IsActive: 1
--- !u!23 &1785934326
MeshRenderer:
  m_ObjectHideFlags: 0
  m_PrefabParentObject: {fileID: 23769036795665118, guid: 1116b78f32b216943a35f8bea7c7a4c4,
    type: 2}
  m_PrefabInternal: {fileID: 1042799855}
  m_GameObject: {fileID: 1785934325}
  m_Enabled: 1
  m_CastShadows: 1
  m_ReceiveShadows: 1
  m_MotionVectors: 1
  m_LightProbeUsage: 1
  m_ReflectionProbeUsage: 1
  m_Materials:
  - {fileID: 2100000, guid: 924a2edcd7e036a45a3b2833fa04bcd2, type: 2}
  - {fileID: 2100000, guid: 924a2edcd7e036a45a3b2833fa04bcd2, type: 2}
  m_StaticBatchInfo:
    firstSubMesh: 0
    subMeshCount: 0
  m_StaticBatchRoot: {fileID: 0}
  m_ProbeAnchor: {fileID: 0}
  m_LightProbeVolumeOverride: {fileID: 0}
  m_ScaleInLightmap: 1
  m_PreserveUVs: 0
  m_IgnoreNormalsForChartDetection: 0
  m_ImportantGI: 0
  m_SelectedEditorRenderState: 3
  m_MinimumChartSize: 4
  m_AutoUVMaxDistance: 0.5
  m_AutoUVMaxAngle: 89
  m_LightmapParameters: {fileID: 0}
  m_SortingLayerID: 0
  m_SortingLayer: 0
  m_SortingOrder: 0
--- !u!33 &1785934327
MeshFilter:
  m_ObjectHideFlags: 0
  m_PrefabParentObject: {fileID: 33609730184314450, guid: 1116b78f32b216943a35f8bea7c7a4c4,
    type: 2}
  m_PrefabInternal: {fileID: 1042799855}
  m_GameObject: {fileID: 1785934325}
  m_Mesh: {fileID: 4300002, guid: b21ad3fae192b894e8946288e64cf471, type: 3}
--- !u!4 &1785934328
Transform:
  m_ObjectHideFlags: 0
  m_PrefabParentObject: {fileID: 4576661108127384, guid: 1116b78f32b216943a35f8bea7c7a4c4,
    type: 2}
  m_PrefabInternal: {fileID: 1042799855}
  m_GameObject: {fileID: 1785934325}
  m_LocalRotation: {x: -0.7071068, y: 0, z: -0, w: 0.7071068}
  m_LocalPosition: {x: -0.00000041218786, y: -3.5971226e-14, z: 0.00000041218786}
  m_LocalScale: {x: 0.0032474808, y: 0.0032474808, z: 0.0032474808}
  m_Children: []
  m_Father: {fileID: 1235850224}
  m_RootOrder: 1
  m_LocalEulerAnglesHint: {x: 0, y: 0, z: 0}
--- !u!1 &1800561833
GameObject:
  m_ObjectHideFlags: 0
  m_PrefabParentObject: {fileID: 1647907159223832, guid: cb49372448ac2fd4dacb1fd4f4958229,
    type: 2}
  m_PrefabInternal: {fileID: 1013136437}
  serializedVersion: 5
  m_Component:
  - component: {fileID: 1800561836}
  - component: {fileID: 1800561835}
  - component: {fileID: 1800561834}
  m_Layer: 0
  m_Name: tire
  m_TagString: Untagged
  m_Icon: {fileID: 0}
  m_NavMeshLayer: 0
  m_StaticEditorFlags: 0
  m_IsActive: 1
--- !u!23 &1800561834
MeshRenderer:
  m_ObjectHideFlags: 0
  m_PrefabParentObject: {fileID: 23250323719994838, guid: cb49372448ac2fd4dacb1fd4f4958229,
    type: 2}
  m_PrefabInternal: {fileID: 1013136437}
  m_GameObject: {fileID: 1800561833}
  m_Enabled: 1
  m_CastShadows: 1
  m_ReceiveShadows: 1
  m_MotionVectors: 1
  m_LightProbeUsage: 1
  m_ReflectionProbeUsage: 1
  m_Materials:
  - {fileID: 2100000, guid: 924a2edcd7e036a45a3b2833fa04bcd2, type: 2}
  - {fileID: 2100000, guid: 924a2edcd7e036a45a3b2833fa04bcd2, type: 2}
  m_StaticBatchInfo:
    firstSubMesh: 0
    subMeshCount: 0
  m_StaticBatchRoot: {fileID: 0}
  m_ProbeAnchor: {fileID: 0}
  m_LightProbeVolumeOverride: {fileID: 0}
  m_ScaleInLightmap: 1
  m_PreserveUVs: 0
  m_IgnoreNormalsForChartDetection: 0
  m_ImportantGI: 0
  m_SelectedEditorRenderState: 3
  m_MinimumChartSize: 4
  m_AutoUVMaxDistance: 0.5
  m_AutoUVMaxAngle: 89
  m_LightmapParameters: {fileID: 0}
  m_SortingLayerID: 0
  m_SortingLayer: 0
  m_SortingOrder: 0
--- !u!33 &1800561835
MeshFilter:
  m_ObjectHideFlags: 0
  m_PrefabParentObject: {fileID: 33107050458565434, guid: cb49372448ac2fd4dacb1fd4f4958229,
    type: 2}
  m_PrefabInternal: {fileID: 1013136437}
  m_GameObject: {fileID: 1800561833}
  m_Mesh: {fileID: 4300002, guid: a574aa865076a37489381298c13afb73, type: 3}
--- !u!4 &1800561836
Transform:
  m_ObjectHideFlags: 0
  m_PrefabParentObject: {fileID: 4850635228745726, guid: cb49372448ac2fd4dacb1fd4f4958229,
    type: 2}
  m_PrefabInternal: {fileID: 1013136437}
  m_GameObject: {fileID: 1800561833}
  m_LocalRotation: {x: -0.7071068, y: 0, z: -0, w: 0.7071068}
  m_LocalPosition: {x: -0.00000041218786, y: -3.5971226e-14, z: 0.00000041218786}
  m_LocalScale: {x: 0.0032474808, y: 0.0032474808, z: 0.0032474808}
  m_Children: []
  m_Father: {fileID: 1071883004}
  m_RootOrder: 1
  m_LocalEulerAnglesHint: {x: 0, y: 0, z: 0}
--- !u!1 &1879633852
GameObject:
  m_ObjectHideFlags: 0
  m_PrefabParentObject: {fileID: 1364119337308164, guid: 1116b78f32b216943a35f8bea7c7a4c4,
    type: 2}
  m_PrefabInternal: {fileID: 1042799855}
  serializedVersion: 5
  m_Component:
  - component: {fileID: 1879633853}
  - component: {fileID: 1879633854}
  - component: {fileID: 1879633855}
  m_Layer: 0
  m_Name: LOD1
  m_TagString: Untagged
  m_Icon: {fileID: 0}
  m_NavMeshLayer: 0
  m_StaticEditorFlags: 0
  m_IsActive: 1
--- !u!4 &1879633853
Transform:
  m_ObjectHideFlags: 0
  m_PrefabParentObject: {fileID: 4100746696786790, guid: 1116b78f32b216943a35f8bea7c7a4c4,
    type: 2}
  m_PrefabInternal: {fileID: 1042799855}
  m_GameObject: {fileID: 1879633852}
  m_LocalRotation: {x: -0.7071068, y: 0.000000061817246, z: 0.000000061817246, w: 0.7071068}
  m_LocalPosition: {x: -0.00000041218786, y: -3.5971226e-14, z: 0.00000041218786}
  m_LocalScale: {x: 0.0043848525, y: 0.0043848525, z: 0.0043848525}
  m_Children: []
  m_Father: {fileID: 1235850224}
  m_RootOrder: 0
  m_LocalEulerAnglesHint: {x: 0, y: 0, z: 0}
--- !u!33 &1879633854
MeshFilter:
  m_ObjectHideFlags: 0
  m_PrefabParentObject: {fileID: 33906321544864686, guid: 1116b78f32b216943a35f8bea7c7a4c4,
    type: 2}
  m_PrefabInternal: {fileID: 1042799855}
  m_GameObject: {fileID: 1879633852}
  m_Mesh: {fileID: 4300000, guid: b21ad3fae192b894e8946288e64cf471, type: 3}
--- !u!23 &1879633855
MeshRenderer:
  m_ObjectHideFlags: 0
  m_PrefabParentObject: {fileID: 23007781919877362, guid: 1116b78f32b216943a35f8bea7c7a4c4,
    type: 2}
  m_PrefabInternal: {fileID: 1042799855}
  m_GameObject: {fileID: 1879633852}
  m_Enabled: 1
  m_CastShadows: 1
  m_ReceiveShadows: 1
  m_MotionVectors: 1
  m_LightProbeUsage: 1
  m_ReflectionProbeUsage: 1
  m_Materials:
  - {fileID: 2100000, guid: 60b59d2e7a4ed0b4a9a60a6c902ff957, type: 2}
  m_StaticBatchInfo:
    firstSubMesh: 0
    subMeshCount: 0
  m_StaticBatchRoot: {fileID: 0}
  m_ProbeAnchor: {fileID: 0}
  m_LightProbeVolumeOverride: {fileID: 0}
  m_ScaleInLightmap: 1
  m_PreserveUVs: 0
  m_IgnoreNormalsForChartDetection: 0
  m_ImportantGI: 0
  m_SelectedEditorRenderState: 3
  m_MinimumChartSize: 4
  m_AutoUVMaxDistance: 0.5
  m_AutoUVMaxAngle: 89
  m_LightmapParameters: {fileID: 0}
  m_SortingLayerID: 0
  m_SortingLayer: 0
  m_SortingOrder: 0
--- !u!1 &1899088975
GameObject:
  m_ObjectHideFlags: 0
  m_PrefabParentObject: {fileID: 1863887374146814, guid: 9c736b3b674f1384eaa1b1fb55841ccf,
    type: 2}
  m_PrefabInternal: {fileID: 1311114982}
  serializedVersion: 5
  m_Component:
  - component: {fileID: 1899088976}
  - component: {fileID: 1899088977}
  m_Layer: 0
  m_Name: Wheel
  m_TagString: Untagged
  m_Icon: {fileID: 0}
  m_NavMeshLayer: 0
  m_StaticEditorFlags: 0
  m_IsActive: 1
--- !u!4 &1899088976
Transform:
  m_ObjectHideFlags: 0
  m_PrefabParentObject: {fileID: 4886661859198362, guid: 9c736b3b674f1384eaa1b1fb55841ccf,
    type: 2}
  m_PrefabInternal: {fileID: 1311114982}
  m_GameObject: {fileID: 1899088975}
  m_LocalRotation: {x: -0, y: -0, z: -0, w: 1}
  m_LocalPosition: {x: 0, y: 0, z: 0}
  m_LocalScale: {x: 1, y: 1, z: 1}
  m_Children:
  - {fileID: 710169808}
  - {fileID: 1250788483}
  m_Father: {fileID: 655496876}
  m_RootOrder: 0
  m_LocalEulerAnglesHint: {x: 0, y: 0, z: 0}
--- !u!95 &1899088977
Animator:
  serializedVersion: 3
  m_ObjectHideFlags: 0
  m_PrefabParentObject: {fileID: 95918725912757028, guid: 9c736b3b674f1384eaa1b1fb55841ccf,
    type: 2}
  m_PrefabInternal: {fileID: 1311114982}
  m_GameObject: {fileID: 1899088975}
  m_Enabled: 1
  m_Avatar: {fileID: 9000000, guid: a574aa865076a37489381298c13afb73, type: 3}
  m_Controller: {fileID: 0}
  m_CullingMode: 0
  m_UpdateMode: 0
  m_ApplyRootMotion: 0
  m_LinearVelocityBlending: 0
  m_WarningMessage: 
  m_HasTransformHierarchy: 1
  m_AllowConstantClipSamplingOptimization: 1
--- !u!1 &1922805280
GameObject:
  m_ObjectHideFlags: 0
  m_PrefabParentObject: {fileID: 1041678228305182, guid: 1116b78f32b216943a35f8bea7c7a4c4,
    type: 2}
  m_PrefabInternal: {fileID: 1042799855}
  serializedVersion: 5
  m_Component:
  - component: {fileID: 1922805281}
  - component: {fileID: 1922805282}
  m_Layer: 0
  m_Name: lod3
  m_TagString: Untagged
  m_Icon: {fileID: 0}
  m_NavMeshLayer: 0
  m_StaticEditorFlags: 0
  m_IsActive: 1
--- !u!4 &1922805281
Transform:
  m_ObjectHideFlags: 0
  m_PrefabParentObject: {fileID: 4663843678625848, guid: 1116b78f32b216943a35f8bea7c7a4c4,
    type: 2}
  m_PrefabInternal: {fileID: 1042799855}
  m_GameObject: {fileID: 1922805280}
  m_LocalRotation: {x: -0, y: -0, z: -0, w: 1}
  m_LocalPosition: {x: 0, y: 0, z: 0}
  m_LocalScale: {x: 1, y: 1, z: 1}
  m_Children:
  - {fileID: 1355623097}
  - {fileID: 984881848}
  m_Father: {fileID: 1111181689}
  m_RootOrder: 2
  m_LocalEulerAnglesHint: {x: 0, y: 0, z: 0}
--- !u!95 &1922805282
Animator:
  serializedVersion: 3
  m_ObjectHideFlags: 0
  m_PrefabParentObject: {fileID: 95275608558031852, guid: 1116b78f32b216943a35f8bea7c7a4c4,
    type: 2}
  m_PrefabInternal: {fileID: 1042799855}
  m_GameObject: {fileID: 1922805280}
  m_Enabled: 1
  m_Avatar: {fileID: 9000000, guid: 77021b0034b2bc94dadf512ab1c14a58, type: 3}
  m_Controller: {fileID: 0}
  m_CullingMode: 0
  m_UpdateMode: 0
  m_ApplyRootMotion: 0
  m_LinearVelocityBlending: 0
  m_WarningMessage: 
  m_HasTransformHierarchy: 1
  m_AllowConstantClipSamplingOptimization: 1
--- !u!1 &1952836457
GameObject:
  m_ObjectHideFlags: 0
  m_PrefabParentObject: {fileID: 1904625072816456, guid: 9c736b3b674f1384eaa1b1fb55841ccf,
    type: 2}
  m_PrefabInternal: {fileID: 1311114982}
  serializedVersion: 5
  m_Component:
  - component: {fileID: 1952836458}
  - component: {fileID: 1952836459}
  - component: {fileID: 1952836460}
  m_Layer: 0
  m_Name: LOD1
  m_TagString: Untagged
  m_Icon: {fileID: 0}
  m_NavMeshLayer: 0
  m_StaticEditorFlags: 0
  m_IsActive: 1
--- !u!4 &1952836458
Transform:
  m_ObjectHideFlags: 0
  m_PrefabParentObject: {fileID: 4085689998703776, guid: 9c736b3b674f1384eaa1b1fb55841ccf,
    type: 2}
  m_PrefabInternal: {fileID: 1311114982}
  m_GameObject: {fileID: 1952836457}
  m_LocalRotation: {x: -0.7071068, y: 0.000000061817246, z: 0.000000061817246, w: 0.7071068}
  m_LocalPosition: {x: 0.011, y: -3.5971226e-14, z: 0.00000041218786}
  m_LocalScale: {x: 0.0043848525, y: 0.0043848525, z: 0.0043848525}
  m_Children: []
  m_Father: {fileID: 452488034}
  m_RootOrder: 0
  m_LocalEulerAnglesHint: {x: 0, y: 0, z: 0}
--- !u!33 &1952836459
MeshFilter:
  m_ObjectHideFlags: 0
  m_PrefabParentObject: {fileID: 33048460738860288, guid: 9c736b3b674f1384eaa1b1fb55841ccf,
    type: 2}
  m_PrefabInternal: {fileID: 1311114982}
  m_GameObject: {fileID: 1952836457}
  m_Mesh: {fileID: 4300000, guid: b21ad3fae192b894e8946288e64cf471, type: 3}
--- !u!23 &1952836460
MeshRenderer:
  m_ObjectHideFlags: 0
  m_PrefabParentObject: {fileID: 23412587498116608, guid: 9c736b3b674f1384eaa1b1fb55841ccf,
    type: 2}
  m_PrefabInternal: {fileID: 1311114982}
  m_GameObject: {fileID: 1952836457}
  m_Enabled: 1
  m_CastShadows: 1
  m_ReceiveShadows: 1
  m_MotionVectors: 1
  m_LightProbeUsage: 1
  m_ReflectionProbeUsage: 1
  m_Materials:
  - {fileID: 2100000, guid: 5bd2c744dfbe56b42aedf2db7187769a, type: 2}
  m_StaticBatchInfo:
    firstSubMesh: 0
    subMeshCount: 0
  m_StaticBatchRoot: {fileID: 0}
  m_ProbeAnchor: {fileID: 0}
  m_LightProbeVolumeOverride: {fileID: 0}
  m_ScaleInLightmap: 1
  m_PreserveUVs: 0
  m_IgnoreNormalsForChartDetection: 0
  m_ImportantGI: 0
  m_SelectedEditorRenderState: 3
  m_MinimumChartSize: 4
  m_AutoUVMaxDistance: 0.5
  m_AutoUVMaxAngle: 89
  m_LightmapParameters: {fileID: 0}
  m_SortingLayerID: 0
  m_SortingLayer: 0
  m_SortingOrder: 0
--- !u!1 &2144279242
GameObject:
  m_ObjectHideFlags: 0
  m_PrefabParentObject: {fileID: 1955678413001174, guid: cb49372448ac2fd4dacb1fd4f4958229,
    type: 2}
  m_PrefabInternal: {fileID: 1013136437}
  serializedVersion: 5
  m_Component:
  - component: {fileID: 2144279244}
  - component: {fileID: 2144279243}
  m_Layer: 0
  m_Name: wheelC
  m_TagString: Untagged
  m_Icon: {fileID: 0}
  m_NavMeshLayer: 0
  m_StaticEditorFlags: 0
  m_IsActive: 1
--- !u!205 &2144279243
LODGroup:
  m_ObjectHideFlags: 0
  m_PrefabParentObject: {fileID: 205985659129992348, guid: cb49372448ac2fd4dacb1fd4f4958229,
    type: 2}
  m_PrefabInternal: {fileID: 1013136437}
  m_GameObject: {fileID: 2144279242}
  serializedVersion: 2
  m_LocalReferencePoint: {x: 0.00000031292439, y: 0, z: 0.00000044703484}
  m_Size: 0.6735089
  m_FadeMode: 0
  m_AnimateCrossFading: 0
  m_LODs:
  - screenRelativeHeight: 0.43675613
    fadeTransitionWidth: 0
    renderers:
    - renderer: {fileID: 1291111666}
    - renderer: {fileID: 1800561834}
  - screenRelativeHeight: 0.11833884
    fadeTransitionWidth: 0
    renderers:
    - renderer: {fileID: 364694284}
    - renderer: {fileID: 748774409}
  - screenRelativeHeight: 0.0061992654
    fadeTransitionWidth: 0
    renderers:
    - renderer: {fileID: 1451186426}
    - renderer: {fileID: 462706204}
  m_Enabled: 1
--- !u!4 &2144279244
Transform:
  m_ObjectHideFlags: 0
  m_PrefabParentObject: {fileID: 4340151348415172, guid: cb49372448ac2fd4dacb1fd4f4958229,
    type: 2}
  m_PrefabInternal: {fileID: 1013136437}
  m_GameObject: {fileID: 2144279242}
  m_LocalRotation: {x: -0, y: -0, z: -0, w: 1}
  m_LocalPosition: {x: 0.1000925, y: 0.20075431, z: -0.1063987}
  m_LocalScale: {x: 1, y: 1, z: 1}
  m_Children:
  - {fileID: 1071883004}
  - {fileID: 967348650}
  - {fileID: 733950720}
  m_Father: {fileID: 0}
  m_RootOrder: 3
  m_LocalEulerAnglesHint: {x: 0, y: 0, z: 0}
